3524 5652
513 526 608 571 orror
626 526 761 571 resnou
773 542 815 559 --
827 527 901 570 ruse
921 526 1082 572 remmon
1369 512 1432 575 lid

160 640 257 723 impos
271 639 347 716 voti,
366 641 451 705 solus
465 655 555 724 apere
569 655 654 707 snam
670 646 782 707 rectam
797 640 889 717 nam,
906 640 1016 705 divitiis
1031 640 1251 721 honoribusque
1266 656 1326 707 non
1342 657 1430 721 posse

159 753 323 834 eorrumpi,
345 759 519 835 paupertate
534 760 564 819 et
578 753 742 833 abjectione
756 770 817 823 non
833 770 919 834 posse
934 753 1098 833 immutari,
1114 755 1204 818 minis
1217 761 1247 819 et
1261 755 1354 819 armis
1369 771 1430 822 nou

159 883 251 948 posse
265 865 403 949 infringi,
420 867 590 946 hujusmodi
605 867 725 933 vocabis
739 882 884 950 magnum
900 866 998 933 uirum
1015 863 1070 952 (l).

218 981 253 1044 3.
275 980 438 1044 Praleotus
465 980 586 1045 Tebeou
611 979 674 1045 siao
696 977 738 1064 (Q)
763 981 953 1065 interrogans
974 980 1016 1044 ait
1040 1000 1047 1043 :
1072 981 1256 1061 antiquitatis
1281 982 1430 1062 sapientes

159 1111 235 1159 num
252 1093 463 1177 magistratum
483 1093 622 1161 obibaotl
642 1094 787 1161 Mentsius
805 1093 957 1173 respondit
974 1113 981 1156 :
1000 1092 1131 1159 obibant.
1153 1094 1303 1160 llemoriae
1318 1095 1427 1160 aiom:

159 1206 322 1275 mutunus
336 1206 363 1270 si
378 1206 474 1270 tribus
487 1205 639 1273 mensibus
656 1206 780 1273 vacabat
793 1207 936 1287 principis
955 1207 1132 1286 ministerio,
1150 1213 1221 1273 tunc
1235 1209 1386 1289 inquietus
1400 1215 1431 1279 et

160 1320 309 1386 sollicitus
323 1326 405 1396 erat;
422 1326 535 1385 etcum
551 1320 706 1387 excederet
720 1320 859 1398 confinia,
877 1321 956 1387 baud
970 1320 1058 1387 dubie
1072 1336 1174 1386 seeum
1189 1321 1302 1387 ferebat
1317 1308 1431 1402 primm

159 1432 341 1503 visitationis
351 1435 528 1498 munuscula
540 1430 595 1518 (3).
608 1433 683 1498 Item
693 1434 812 1513 sapiens
821 1434 911 1517 Konq
921 1433 1088 1516 mingiait:
1099 1433 1284 1515 antiquitatis
1294 1435 1430 1507 bomines

159 1547 258 1611 tribus
268 1545 420 1611 mensibus
429 1552 570 1611 vacantes
581 1547 712 1627 principe
720 1547 782 1628 jam
792 1546 1064 1627 complorabantur.
1074 1545 1164 1611 -lt
1174 1548 1269 1613 tribus
1278 1547 1430 1613 mensibus

158 1675 274 1725 uacans
288 1658 420 1741 principe
428 1658 490 1740 jam
501 1661 688 1741 complorati,
703 1676 804 1725 nonne
812 1668 859 1725 est
869 1660 960 1727 nimia
970 1659 1163 1740 precipitatio
1174 1657 1234 1744 (4)?
1247 1661 1426 1742 Respondit:

160 1773 327 1839 litteratum
348 1772 486 1838 amittere
506 1773 682 1855 dignitatem
708 1773 829 1854 perinde
848 1780 895 1841 est
913 1788 948 1838 ac
969 1774 995 1837 si
1015 1774 1112 1857 reguli
1131 1775 1270 1838 amittant
1288 1775 1430 1843 socialem

160 1886 317 1953 familiam.
335 1886 423 1951 Liber
437 1887 549 1951 ninum
559 1887 620 1953 ait:
637 1887 760 1970 «reguli
774 1893 895 1953 arantes
908 1887 1088 1967 adjuvantur
1097 1888 1136 1951 ad
1145 1886 1328 1955 offerendum
1342 1887 1431 1953 millii

159 2000 307 2079 uasaqbtz
322 2014 430 2065 uxores
441 2001 526 2065 alunt
537 2001 696 2083 bombyces
711 2002 911 2080 evolvuntque
927 1999 1074 2064 lolbculos
1083 2001 1121 2064 ad
1132 2000 1280 2066 radendas
1294 2008 1426 2067 vestes.»

161 2114 192 2178 Si
206 2113 329 2179 debora
344 2114 500 2178 mactanda
510 2129 570 2178 non
580 2114 619 2178 sit
629 2112 770 2193 perlecta,
783 2113 809 2176 si
820 2113 946 2177 millium
956 2114 988 2177 in
998 2113 1138 2193 capedine
1151 2129 1211 2180 non
1222 2113 1261 2178 sit
1271 2115 1427 2192 mundum,

160 2227 185 2292 si
200 2232 302 2292 restes
315 2242 375 2291 non
391 2227 556 2307 completae,
574 2242 634 2293 non
648 2225 797 2292 audebant
810 2227 880 2291 inde
895 2226 981 2293 litare
996 2226 1054 2305 (6).
1075 2228 1152 2291 Etsi
1166 2226 1315 2293 litteratus
1330 2234 1430 2295 careat

160 2355 235 2425 agro
245 2338 293 2419 (7)
304 2346 375 2404 tunc
384 2340 473 2405 etiam
484 2355 543 2405 non
554 2340 665 2416 litabit;
679 2339 714 2419 si,
729 2338 850 2405 detinni
864 2338 1029 2418 metanda
1045 2341 1126 2404 uasis
1136 2341 1325 2422 vestibusque
1335 2341 1428 2422 impr·

161 2454 246 2531 ratis,
262 2468 321 2518 oon
336 2452 455 2521 audebit
464 2454 507 2517 uti
517 2454 555 2517 ad
565 2454 722 2530 litandum,
740 2459 811 2519 tunc
823 2469 877 2518 nec
892 2453 1011 2519 audebit
1025 2454 1094 2519 inde
1109 2455 1312 2535 tranquillam
1330 2470 1429 2522 noune

158 2567 220 2647 jam
228 2567 706 2646 satisestutcomploreturt—Et
715 2567 860 2632 excedens
869 2567 996 2631 confinia
1006 2566 1128 2632 omnino
1139 2567 1288 2632 deserebat
1298 2568 1428 2650 primitia

161 2681 249 2755 dona,
267 2681 305 2744 ad
320 2680 410 2760 quid?
438 2680 625 2760 Respondit:
643 2678 774 2745 litterato
795 2696 904 2744 munus
925 2680 1007 2746 obire
1029 2680 1150 2760 perinde
1167 2686 1213 2746 est
1228 2697 1265 2746 ae
1277 2681 1429 2765 agricolae

161 2809 247 2859 arare
263 2813 272 2856 ι
289 2793 423 2876 agricola
438 2794 582 2874 numquid
596 2792 634 2857 ad
649 2793 850 2859 excedendum
865 2793 991 2858 confinia
1009 2793 1156 2874 relinquet
1170 2811 1258 2859 suum
1273 2800 1428 2863 aratrum?

163 2907 266 2973 subdit
278 2906 328 2989 (8)
339 2927 347 2970 :
360 2907 433 2971 'isin
448 2922 575 2990 regnum
590 2907 681 2972 etiam
695 2915 741 2970 est
757 2907 965 2989 magistratum
981 2908 1176 2988 querentium
1193 2924 1336 2989 regnum3
1353 2924 1426 2973 non·

162 3021 231 3087 dum
250 3020 350 3084 audiri
369 3020 541 3084 candidatos
556 3025 618 3084 tam
633 3020 701 3084 illos
716 3018 807 3084 luisse
828 3021 1014 3085 anhelantes.
1037 3018 1076 3084 llt
1090 3020 1285 3103 magistratus
1300 3028 1361 3087 tam
1375 3021 1428 3087 ille

162 3148 282 3219 urgens,
302 3139 333 3198 et
347 3133 466 3213 sapiens
480 3148 560 3216 egre
575 3149 685 3196 munus
700 3132 761 3197 obit
775 3133 923 3213 quomodo
937 3133 1001 3212 (llll
1017 3133 1179 3213 Respondit
1191 3151 1199 3197 :
1212 3141 1246 3198 ut
1259 3149 1324 3198 mas
1338 3140 1427 3198 natus

162 3252 217 3325 est,
232 3246 296 3327 jam
310 3247 429 3327 cupitur
439 3246 555 3327 proillo
567 3245 675 3311 babere
690 3261 831 3323 uxorem3
848 3252 881 3310 ut
892 3246 1013 3313 lomina
1024 3253 1095 3313 nata
1104 3253 1161 3324 est,
1171 3246 1234 3327 jam
1244 3248 1362 3328 cupitur
1372 3262 1427 3328 pro

161 3623 260 3684 oliano
273 3621 392 3683 solebat.
414 3621 484 3683 Ideo
498 3620 653 3685 Oomuoins
667 3642 701 3683 ea
714 3621 823 3682 serebat
835 3628 878 3695 ut,
891 3621 916 3682 si
929 3639 1013 3700 quem
1032 3622 1187 3702 prinoipem
1201 3623 1339 3684 inveniret
1352 3623 1426 3684 bene

161 3736 330 3809 animatum,
343 3735 443 3796 statim
457 3735 482 3795 ei
496 3737 601 3796 seruire
613 3744 718 3815 posset.
742 3708 783 3798 1
796 3742 880 3796 sonat
893 3709 950 3800 ff.

198 3837 244 3918 (4)
264 3820 307 3907 m
320 3857 406 3909 wast
423 3823 476 3907 Β.

196 3952 243 4032 (5)
264 3959 368 4040 Reguli
380 3961 521 4040 incipiunt
534 3980 623 4035 arare,
636 3970 666 4021 et
677 3960 798 4041 populun
811 3961 936 4040 adjurat
965 3937 1006 4028 ᾗ
1020 3960 1138 4024 millium
1152 3972 1182 4024 et
1190 3962 1324 4043 panicum
1337 3962 1423 4024 sacri·

160 4075 265 4137 ficom:
282 4052 325 4127 ff
337 4075 467 4136 sacrifica
481 4076 577 4154 fruges
590 4076 621 4135 in
635 4093 702 4135 vase
715 4076 823 4155 positae.
1419 4154 1423 4161 Ι

198 4178 243 4259 (d)
264 4187 297 4251 si
309 4185 424 4267 regulus
437 4189 564 4249 amiserit
576 4206 707 4267 regnum,
720 4208 779 4249 non
792 4186 910 4250 habebit
922 4209 1006 4269 egros
1020 4190 1058 4251 ud
1072 4191 1100 4251 id
1114 4188 1280 4262 destinatos,
1294 4209 1347 4250 neo
1360 4206 1424 4268 pro-

160 4301 224 4368 inde
237 4302 266 4364 id
277 4300 356 4380 quod
375 4301 565 4363 communes
585 4320 655 4381 arga
673 4300 821 4365 defunctos
842 4304 1011 4365 cerimoniis
1031 4303 1192 4384 requiritur.
1219 4300 1268 4365 Iu
1283 4311 1314 4363 ot
1325 4303 1426 4381 evenit

159 4411 286 4479 littam
299 4414 350 4493 qui
363 4435 380 4477 e
391 4413 533 4494 dignitate
545 4414 690 4476 auderit.

199 4518 243 4599 (7)
262 4527 316 4590 Ait
327 4528 398 4589 item
412 4525 484 4589 liber
497 4529 627 4589 ficuum·

198 4631 244 4710 (8)
264 4641 336 4705 Toin
349 4661 469 4721 regnum
482 4641 574 4702 fuerat
587 4642 617 4702 in
631 4642 686 4702 tria
699 4641 837 4723 divisum3
857 4661 978 4723 quornm
995 4662 1087 4706 unum
1100 4653 1162 4705 erat
1173 4661 1293 4722 regnum
1307 4639 1380 4702 wa.

199 4744 242 4826 (9)
263 4756 392 4838 Sapiens,
407 4765 440 4816 ut
453 4764 486 4819 tu
498 4774 538 4831 es,
550 4757 600 4834 qui
614 4763 711 4839 tamen
724 4755 838 4837 regulos
850 4759 972 4822 inrisere
984 4760 1135 4824 dobomaa.
1253 4766 1256 4773 '
