3556 5664
544 514 641 557 curun
659 512 958 558 sueonum-raas
978 512 1068 556 eston
1385 501 1443 559 tat

223 624 254 691 9.
282 627 433 691 blentsius
447 626 489 691 ait
506 643 514 690 :
532 618 572 691 Pe
586 627 597 690 i
612 626 669 691 nisi
684 626 736 691 tali
752 627 878 708 principi
893 644 953 692 non
968 627 1127 705 serviebat,
1152 628 1209 691 nisi
1226 644 1313 709 pares
1332 629 1446 694 anticos

163 756 225 804 nou
242 740 473 821 frequentabam
491 755 550 805 uon
566 740 664 804 stabat
678 740 708 803 in
724 742 808 821 pravi
824 740 881 804 viri
896 740 991 824 regia,
1009 757 1065 806 nec
1079 758 1146 806 cum
1159 743 1260 821 pravis
1275 743 1446 807 bominibus

164 853 366 934 loquebatur;
385 864 465 919 stare
479 854 511 918 iu
527 854 611 933 pravi
622 854 677 918 viri
693 854 776 936 regia
787 862 896 918 etcum
912 855 1012 935 pravis
1027 855 1197 919 bominibus
1213 856 1305 935 loqui,
1323 856 1446 937 perinde

163 966 299 1031 babebat
319 983 357 1032 ac
375 984 444 1032 eum
464 968 560 1032 aulica
582 974 664 1033 reste
684 975 715 1033 et
732 969 829 1032 aulico
852 969 929 1047 pileo
950 968 1053 1031 sedere
1068 968 1098 1031 in
1115 970 1177 1033 luto
1193 977 1223 1032 et
1238 970 1416 1035 carbonibus
1434 989 1443 1032 :

163 1090 258 1160 utepue
273 1096 407 1164 arguam
417 1078 460 1165 (l)
476 1082 634 1145 aversandi
644 1081 715 1145 mali
731 1081 874 1159 animum,
894 1080 1046 1164 cogitabat
1056 1099 1124 1146 eum
1140 1081 1259 1147 rusticis
1274 1083 1446 1147 bominibus

162 1202 261 1270 stans,
286 1194 314 1258 si
331 1194 418 1275 cujus
437 1196 533 1275 pileus
553 1211 613 1259 uon
636 1201 736 1259 rectus
756 1202 847 1270 esset,
871 1195 998 1260 obverso
1017 1195 1103 1259 vultu
1119 1213 1151 1259 se
1167 1196 1340 1260 relicturum
1361 1212 1444 1271 eum,

162 1314 313 1387 tauquam
336 1315 544 1373 contracturus
559 1310 709 1373 maculam
726 1328 733 1372 :
751 1308 830 1385 ideo,
853 1309 949 1392 reguli
965 1309 1035 1373 lieet
1048 1316 1150 1374 essent
1163 1309 1214 1389 qui
1229 1317 1368 1374 accurato
1383 1326 1446 1374 suae

161 1420 357 1487 invitationis
382 1422 544 1502 diplomate
571 1423 755 1499 accederent,
787 1437 847 1488 nou
869 1421 1034 1501 excipiebat
1055 1430 1173 1499 tamem
1201 1438 1261 1487 non
1281 1422 1448 1503 excipiebat

161 1541 280 1611 autem,
306 1537 388 1615 quod
402 1551 510 1615 nempe
525 1551 585 1600 nou
600 1534 767 1599 estimabat
782 1552 890 1615 pamm
906 1535 988 1599 adire
1010 1533 1065 1621 (2).
1088 1536 1160 1601 Lien
1175 1538 1225 1600 bia
1241 1538 1308 1601 boei
1325 1534 1367 1621 (3)
1384 1553 1446 1600 non

162 1648 366 1713 erubescebat
388 1649 523 1729 impuros
545 1648 705 1729 principes,
729 1664 788 1713 non
811 1649 1029 1731 dedignabatur
1049 1650 1192 1732 exiguum
1216 1651 1444 1732 magistratum;

162 1770 328 1841 promotus
343 1779 403 1827 non
418 1762 587 1827 occultabat
607 1762 795 1842 sapientiam,
819 1770 850 1829 et
864 1762 987 1827 omnino
1007 1763 1187 1844 sequebatur
1208 1769 1320 1829 rectam
1336 1764 1416 1829 viam
1435 1783 1443 1827 :

162 1875 326 1940 abdicatus
346 1877 549 1953 delitescebat,
573 1876 645 1955 quin
660 1875 879 1958 indignaretur,
901 1877 1038 1941 redactus
1053 1878 1091 1942 ad
1105 1878 1261 1960 angustias
1274 1894 1329 1943 nee
1344 1877 1445 1941 trista-

162 1988 265 2053 batur.
297 1988 445 2062 Quoeirea
467 1989 608 2055 dicebat:
630 2013 644 2046 a
663 1996 696 2052 tn
718 2006 751 2054 es
773 2000 818 2065 tu,
842 2006 900 2072 ego
922 2006 990 2054 sum
1009 2006 1067 2074 ego
1091 2011 1098 2054 :
1124 1991 1260 2071 quamvis
1281 1990 1446 2057 contractis

163 2102 295 2167 manicis
310 2104 461 2168 nudatove
475 2118 600 2183 corpore
615 2103 652 2167 ad
667 2118 769 2167 meum
783 2104 863 2169 latus
877 2103 930 2180 sis,
954 2111 986 2167 tu
1001 2106 1150 2183 quomodo
1165 2104 1277 2184 poteris
1291 2104 1445 2167 maculare

164 2220 236 2280 met
246 2239 262 2272 a
286 2216 360 2282 Ideo
375 2218 537 2297 tranquillo
552 2217 653 2282 animo
668 2233 737 2281 eom
752 2233 787 2283 eo
802 2218 892 2282 simul
907 2222 984 2295 arat,
1006 2217 1077 2298 quin
1092 2232 1109 2281 a
1125 2219 1224 2298 seipso
1237 2217 1388 2282 dellceret.
1412 2216 1445 2281 Si

164 2330 234 2409 quis
249 2344 345 2394 manu
361 2332 495 2395 traberet
509 2331 547 2395 ad
569 2330 757 2397 retinendum
777 2330 875 2409 illum,
900 2336 972 2395 tuuc
986 2331 1126 2407 sistebat;
1150 2331 1250 2411 aliquo
1265 2338 1366 2396 autem
1381 2337 1444 2393 tra-

165 2443 258 2507 bente
274 2444 314 2507 ad
328 2443 494 2509 sistendum
509 2445 609 2525 ipsum
628 2444 730 2509 statim
750 2443 886 2521 sistebat,
910 2445 989 2524 qued
1011 2460 1117 2524 nempe
1132 2460 1191 2508 uon
1207 2443 1374 2510 aestimabat
1389 2460 1443 2524 pu·

166 2572 235 2620 rum
263 2555 357 2622 abire.
398 2556 543 2621 lleutsius
565 2557 665 2622 subdit
688 2578 696 2621 ε
720 2555 761 2622 Pe
782 2558 793 2621 i
815 2558 904 2622 nimis
925 2558 1063 2635 strictus;
1092 2558 1163 2622 Lieu
1183 2557 1232 2621 bia
1252 2557 1320 2622 boei
1342 2557 1444 2621 minus

165 2669 296 2735 decorus
313 2687 322 2735 ε
339 2669 430 2735 nimis
444 2670 582 2736 strictum
597 2676 628 2736 et
642 2671 742 2736 miuus
756 2673 909 2749 decomm,
928 2672 1046 2752 sapiens
1061 2688 1120 2736 non
1136 2672 1281 2751 sequitur.

591 2945 716 3021 Paete
744 2945 1022 3023 Possumne.

226 3226 259 3289 t.
291 3223 438 3289 blentsius
453 3224 496 3288 ait
508 3243 516 3286 :
530 3224 673 3305 temporis
687 3224 893 3305 opportunitas
907 3240 967 3290 non
982 3225 1058 3288 tanti
1067 3241 1103 3290 ae
1113 3224 1170 3290 loci
1184 3225 1438 3303 emolumentum;

166 3338 226 3404 loci
241 3338 479 3404 emolumentum
494 3353 554 3401 non
569 3337 690 3403 tantiae
701 3338 855 3403 boninum
870 3338 1027 3403 concordia
1040 3335 1097 3423 (l).
1113 3340 1157 3401 lln
1169 3338 1259 3403 trium
1275 3338 1440 3403 stadiorum

166 3452 281 3516 moenia
296 3458 327 3516 et
342 3454 455 3532 septem
471 3451 635 3516 stadiomm
651 3451 792 3516 suburbia
809 3451 981 3516 obsidentur
996 3457 1026 3516 et
1040 3452 1267 3534 impugnantur,
1284 3451 1356 3530 quin
1371 3468 1439 3531 per·

165 3564 330 3631 uincantur
341 3584 349 3627 :
362 3564 443 3646 ouod
457 3564 604 3631 tinxerint
614 3571 644 3629 et
653 3564 895 3647 impugnaverint
906 3581 954 3641 ea,
969 3565 1101 3645 protecto
1116 3565 1242 3649 contigit
1252 3572 1285 3628 ut
1296 3564 1440 3630 baberent

166 3990 171 4003 .
205 3934 258 4015 (l)
278 3943 415 4004 Elatione
427 3963 465 4004 ex
479 3944 562 4004 dictis
574 3944 668 4004 dueta

206 4046 256 4128 (2)
276 4034 317 4120 ὅ
338 4034 509 4118 ἕτωυιηίι
522 4058 559 4118 ad
573 4056 782 4136 explicandum.
807 4036 845 4115 ἦ
862 4034 974 4123 Batou
987 4059 1172 4138 dignabatur,
1195 4058 1333 4137 impurum
1346 4061 1438 4118 caiati-

164 4191 259 4247 mm,
276 4171 479 4250 dedt‘prmbotur
492 4194 503 4230 .·
516 4180 642 4231 oeterum
655 4171 717 4231 haee
730 4172 817 4232 dictio
828 4178 891 4230 tum
904 4172 1042 4250 digueudi
1056 4180 1119 4232 tum
1135 4171 1310 4250 dedignandi
1322 4190 1438 4232 sensum
1507 4173 1510 4181 '

165 4285 307 4346 admittit.
334 4263 386 4359 Ε,
400 4294 426 4343 et
438 4284 511 4343 nillil
521 4285 611 4356 aliud,
625 4285 712 4345 aliam
724 4286 865 4344 rationem
877 4283 1013 4346 excludit

207 4389 256 4468 (3)
276 4396 371 4478 Regni
384 4396 449 4457 Lon
462 4397 611 4477 wpmoha,
625 4406 691 4477 post
704 4406 823 4458 mortem
836 4396 1033 4459 benevolentia
1045 4396 1131 4458 titulo
1143 4399 1300 4459 decoratus.

157 4567 162 4575 .
208 4501 255 4581 (4)
276 4512 425 4591 Temporis
437 4511 716 4591 opportunitas,·qua
729 4510 818 4591 possis
830 4510 881 4570 diu
893 4512 1042 4591 persistere
1051 4525 1081 4573 et
1089 4511 1193 4573 habere
1206 4511 1350 4590 adjutores
1361 4532 1369 4569 ε
1379 4509 1436 4572 loei

161 4623 400 4699 'molemonium
418 4644 469 4687 eeu
482 4624 562 4687 locun
575 4626 647 4687 bene
661 4626 788 4686 munitus
802 4647 811 4685 ι
823 4622 973 4686 hominum
985 4625 1144 4701 eoncordia,
1165 4644 1214 4686 sou
1228 4623 1348 4707 populus
1362 4625 1435 4684 bene

167 4738 199 4797 in
213 4741 407 4800 teauimatua.
811 4810 814 4817 ‚

249 4871 273 4914 ιι
1316 4828 1354 4908 55
