3556 5664
536 511 632 555 orror
652 511 790 555 oucmuu
804 529 844 540 -
860 512 933 552 ratus
952 512 1115 556 rosanuros
1403 495 1461 557 367

181 630 319 688 vertetur
335 625 370 688 in
386 641 436 689 me
451 640 511 688 uno
525 625 589 688 viro
605 626 661 703 (tl.
685 625 800 707 sategit
816 626 980 705 ponderum
995 634 1025 690 et
1040 642 1258 703 mensurarum,
1279 628 1463 691 examinavit

185 739 268 820 leges
283 746 316 802 et
332 746 460 814 statuta,
478 738 608 802 restituit
622 738 752 816 dejectos
768 738 933 818 praelectus,
951 746 981 803 et
996 751 1124 818 quatuor
1143 741 1300 822 regionum
1320 740 1461 804 adminis-

187 851 276 916 tratio
292 868 419 917 cursum
435 852 539 915 habuit
553 868 560 914 ε
575 851 671 916 everrit
685 852 853 916 destructos
868 852 1062 932 principatus,
1080 853 1264 917 continuavit
1280 855 1462 934 interruptas

188 966 356 1045 prosapias,
374 965 474 1030 evexit
489 965 640 1029 latitantes
661 964 803 1044 privatos,
821 972 851 1030 et
865 965 981 1045 imperii
998 967 1098 1046 populi
1113 969 1150 1030 ad
1165 983 1234 1031 eum
1250 974 1463 1031 converterunt

189 1095 265 1144 eor:
286 1095 354 1160 quae
371 1080 465 1159 pluris
479 1079 561 1143 duxit
581 1079 743 1158 popularia,
771 1094 901 1155 annona,
926 1081 1102 1159 parentalia,
1120 1087 1150 1144 et
1165 1081 1319 1145 sacrificia.
1344 1081 1373 1143 Si
1391 1080 1461 1144 libe·

190 1192 262 1257 ralis
276 1208 361 1275 ergo,
383 1198 455 1256 tunc
468 1193 525 1255 sibi
539 1192 679 1256 conciliat
693 1193 930 1268 multitudinem3
948 1193 974 1255 si
987 1193 1133 1269 sincerus,
1151 1200 1222 1257 tunc
1238 1195 1365 1274 populus
1382 1193 1460 1271 lidit;

191 1306 216 1370 si
230 1307 365 1381 sedulus
383 1312 455 1369 tuoe
469 1311 551 1370 tenet
565 1304 719 1382 edectom3
738 1306 763 1369 si
778 1323 889 1385 aequus,
910 1312 982 1371 tunc
997 1307 1107 1388 gaudio
1122 1307 1180 1371 erit
1194 1307 1253 1383 (2).

249 1421 281 1484 2.
303 1421 363 1483 Tse
374 1420 486 1501 todang
501 1417 665 1498 quaesivita
675 1419 814 1484 Conlucio
829 1420 931 1483 dicens
943 1438 950 1482 :
964 1420 1113 1499 quomodo
1123 1421 1191 1500 quis
1201 1422 1342 1485 continuo
1354 1421 1464 1502 poterit

191 1550 282 1616 agere
298 1533 456 1615 regimen?
477 1532 636 1597 Goolucius
650 1533 803 1612 respondit
820 1552 827 1595 :
845 1532 948 1615 magni
965 1533 1053 1597 iaciat
1067 1535 1198 1614 quinque
1213 1535 1348 1617 egregia,
1366 1551 1463 1599 remo·

191 1654 261 1712 reat
281 1653 410 1727 quatuor
433 1647 517 1721 vitia,
541 1651 572 1710 ct
593 1652 665 1709 tunc
689 1647 798 1726 poterit
821 1662 912 1728 agere
936 1646 1234 1712 administrationem.
1266 1650 1326 1712 Tse
1351 1649 1465 1730 tehaag

192 1761 292 1844 pergit
309 1779 316 1822 :
334 1776 470 1840 quaenam
486 1760 626 1824 dicuntur
641 1760 770 1840 quinque
790 1760 935 1842 egregia?
962 1759 1121 1825 Conlucius
1143 1762 1301 1841 respondet
1318 1778 1327 1825 ι
1344 1762 1464 1842 sapiens

193 1875 330 1956 princeps
344 1881 391 1937 est
404 1873 562 1949 beneficus,
580 1872 633 1936 sed
643 1872 707 1937 sinc
721 1874 875 1953 expensis;
893 1889 1035 1955 gravans,
1049 1875 1100 1938 sed
1110 1875 1175 1938 sine
1189 1873 1369 1951 offensione;
1387 1874 1462 1939 desi-

194 1988 312 2064 derans,
325 1986 633 2067 sedsineonptdttate
651 1986 847 2066 prosperitate
860 1993 1026 2063 contentus,
1042 1988 1328 2068 sedsinesuperbia;
1346 1989 1457 2070 gravis,

195 2102 244 2166 sod
255 2100 377 2165 minime
393 2099 483 2164 torus.
504 2101 562 2165 Tse
575 2100 688 2201 mhang
702 2100 793 2173 instat
805 2119 813 2162 :
826 2100 897 2179 quid
907 2100 1056 2182 significat
1071 2101 1220 2167 mncdcus
1230 2102 1294 2166 sine
1304 2101 1462 2183 impensis?

195 2214 351 2280 morosius
366 2215 427 2277 ait:
442 2229 625 2294 prosequens
638 2228 686 2290 ea,
699 2213 806 2293 quibus
822 2215 948 2294 populus
962 2214 1091 2293 ditescit,
1104 2216 1141 2279 ad
1151 2231 1220 2279 eum
1235 2216 1402 2290 ditandum,
1419 2215 1464 2280 sie

195 2344 291 2393 nonne
306 2328 396 2392 etiam
418 2327 567 2392 beneticus
581 2333 612 2391 et
627 2334 727 2391 manen
742 2327 816 2391 nihil
831 2328 1021 2407 expendonst
1042 2328 1079 2391 Et
1093 2329 1119 2393 si
1134 2329 1242 2411 seligat
1257 2346 1323 2409 qum
1338 2334 1465 2409 possunt

195 2442 314 2522 imponi,
334 2441 430 2521 iisque
445 2448 551 2524 gravet
566 2457 647 2518 eum,
664 2440 801 2504 similiter
815 2442 918 2520 ecquis
933 2441 1157 2524 indignabitur?
1182 2442 1258 2506 Etsi
1274 2448 1393 2523 expetat
1408 2443 1463 2505 liu·

196 2556 379 2631 manitatem,
397 2561 428 2618 et
442 2561 642 2633 consequatur
666 2554 893 2631 humanitatem,
915 2555 987 2619 item
1002 2556 1052 2635 qul
1067 2556 1192 2635 cupidus
1216 2556 1404 2620 censebitur?
1425 2555 1464 2618 lit

196 2667 350 2748 sisapicns
366 2667 503 2748 princeps
514 2683 574 2732 non
586 2667 773 2750 distinguens
789 2669 891 2748 plures
906 2668 1129 2748 paucioresque,
1142 2684 1202 2733 non
1217 2669 1328 2733 leviora
1343 2668 1462 2751 gmvio·

195 2797 274 2857 rave,
293 2797 446 2860 nunquam
467 2780 575 2845 audeat
594 2781 784 2861 parvifacere,
805 2782 849 2847 sic
864 2797 962 2846 nonae
976 2783 1066 2846 etiam
1088 2784 1285 2862 prosperitate
1304 2787 1464 2847 contentus

196 2903 225 2960 et
239 2903 337 2959 tamen
358 2911 417 2958 non
440 2894 636 2974 superbiens?
655 2896 691 2958 ltt
705 2895 733 2957 si
747 2895 866 2974 sapiens
890 2895 1027 2975 princeps
1051 2896 1246 2975 compositam
1268 2902 1355 2976 gerat
1375 2910 1463 2960 suam

196 3016 308 3074 vestem
323 3008 505 3088 pileumque,
520 3019 551 3070 et
562 3009 718 3072 honestate
733 3008 852 3072 decoret
866 3025 955 3071 snum
970 3009 1124 3073 oculorum
1140 3008 1285 3086 obtutum,
1306 3015 1340 3071 ut
1354 3007 1461 3087 majes-

197 3128 255 3186 tate
269 3123 391 3202 plenum
407 3120 516 3184 subditi
531 3121 694 3201 suspiciant
704 3128 734 3185 et
743 3128 903 3185 vereantur
917 3137 998 3199 cum,
1016 3122 1059 3185 sic
1073 3137 1172 3186 nonne
1187 3122 1276 3187 etiam
1292 3121 1395 3204 gravis
1409 3121 1462 3185 sed

198 3234 316 3300 minime
331 3234 537 3298 truculentust
559 3235 617 3298 'l'so
632 3234 965 3316 tchaugait1quaenam
980 3236 1120 3299 dicuutur
1134 3242 1262 3315 quatuor
1275 3234 1366 3297 vitiat
1387 3234 1461 3298 don·

199 3348 291 3413 lucius
314 3347 466 3427 respondit
483 3367 491 3409 ε
509 3363 568 3410 ηοη
584 3346 740 3412 instituere
754 3354 785 3411 et
800 3356 900 3412 umen
922 3355 1019 3412 morte
1040 3348 1156 3427 punire,
1183 3348 1291 3413 dicitur
1306 3346 1460 3430 tyrannim

200 3462 259 3527 sine
270 3460 445 3542 praemonito
460 3476 521 3524 uno
536 3459 645 3524 intuitu
661 3461 737 3525 velle
753 3476 827 3541 opus
842 3461 1022 3537 absolutum,
1040 3461 1148 3525 dicitur
1162 3461 1319 3537 violentia;
1337 3460 1462 3525 remisse

201 3575 336 3640 mandare
358 3583 389 3639 et
412 3590 522 3656 urgere
547 3582 661 3639 certum
683 3581 811 3654 tempus,
838 3574 945 3638 dicitur
969 3575 1134 3656 grassati03
1161 3590 1229 3639 oum
1254 3588 1338 3654 aeque
1361 3575 1461 3654 ipsum

200 3688 325 3754 dandum
340 3689 397 3753 erit
411 3688 511 3765 aliem,
538 3689 681 3772 erogandi
706 3687 865 3768 recipiendi
889 3687 1045 3753 difficultas
1068 3687 1176 3752 dicitur
1197 3688 1295 3753 lacere
1318 3687 1460 3752 substitu-

201 3808 261 3866 tum
278 3800 331 3886 (3).

251 3918 281 3980 3.
304 3916 503 3997 Philosophus
525 3915 565 3978 ait
589 3934 597 3979 :
620 3915 671 3995 qui
696 3931 756 3979 non
781 3914 917 3997 agnoscit
940 3915 1009 3979 coeli
1033 3915 1260 3994 providentiam,
1286 3930 1347 3979 aon
1372 3914 1462 3980 hahet

199 4031 272 4095 unde
288 4031 338 4094 liat
352 4028 559 4121 sapiens30ui
575 4029 654 4092 haud
670 4028 767 4093 noscit
782 4029 868 4104 ritus,
885 4044 946 4092 non
961 4028 1051 4092 hauet
1064 4029 1143 4093 unde
1157 4028 1311 4094 consistat.
1329 4027 1385 4102 Qui
1400 4044 1462 4093 non

199 4144 333 4209 discernit
347 4158 515 4219 sermones,
533 4157 592 4206 non
608 4143 698 4206 habet
712 4142 790 4206 unda
805 4150 967 4224 cognoscat
980 4142 1127 4207 homines.

196 4395 223 4449 et
245 4388 282 4447 ab
304 4386 360 4448 olio
379 4384 577 4468 recipiendum
597 4384 660 4456 erit,
683 4384 713 4444 id
735 4384 850 4444 nonnisi
869 4400 935 4444 oum
953 4382 1121 4445 difficultate
1134 4393 1164 4445 ct
1177 4404 1265 4444 avara
1276 4389 1465 4455 sunomtiona

195 4501 266 4577 dare,
279 4501 356 4565 haud
368 4499 506 4585 principio
521 4505 573 4571 est,
587 4498 638 4559 sed
650 4497 827 4579 subordinati
840 4497 986 4571 curatoris,
999 4497 1161 4577 quinoque
1175 4498 1217 4559 rei
1230 4498 1260 4559 in
1272 4517 1304 4560 se
1317 4517 1461 4563 munnere

193 4616 351 4695 periculum.

602 4739 1055 4791 sm

265 4883 287 4927 11
