3574 5666
604 461 694 503 arruns
715 460 906 504 nrmsnanuu
926 460 1115 504 nuoununmo
1435 443 1490 501 131

225 578 372 643 desideras
395 576 585 659 refrigerare.
618 609 663 621 -
693 572 814 650 Asinus,
838 574 950 651 mulus,
973 573 1097 651 vitulus,
1121 573 1186 665 bos,
1211 572 1363 638 terrefacti
1380 572 1493 635 saliunt

224 692 392 772 plusquam
406 690 570 753 dissultans
583 704 677 769 equus
689 684 744 772 (l).
757 721 803 733 -
812 688 911 763 lincea
925 693 955 751 et
969 687 1112 751 detrunca
1123 689 1255 751 latrones
1265 693 1295 751 et
1309 686 1402 761 iures,
1419 700 1494 765 cape

223 811 253 870 ct
265 812 331 869 tene
346 802 475 867 rebelles
489 802 642 885 perfugas.
658 835 703 848 -
716 801 779 866 Pon
793 800 824 864 in
839 801 1021 883 sagittando,
1038 800 1115 865 Leao
1129 800 1160 864 in
1175 799 1246 879 pila,
1265 799 1302 862 lli
1317 799 1347 863 iu
1362 799 1490 876 cithara,

222 920 306 983 Yuen
327 917 359 981 in
381 916 493 993 listula,
524 914 614 979 'l‘ien
627 915 658 978 in
673 914 844 994 pennicillo,
870 914 951 977 Luen
966 914 997 976 in
1013 929 1136 998 papyro,
1163 914 1242 977 Kiun
1257 913 1287 976 in
1302 912 1490 989 dexteritate,

222 1033 276 1097 Jen
298 1029 329 1095 in
353 1029 508 1110 piscando,
543 1028 729 1108 explicarunt
757 1027 908 1107 implicata
932 1035 963 1092 et
986 1027 1197 1093 benefecerunt
1223 1028 1345 1103 seculo,
1369 1024 1492 1089 insimul

222 1160 324 1210 omnes
337 1144 475 1226 insignes
489 1152 519 1208 et
532 1142 722 1206 admirabiles
744 1138 800 1226 (2).

263 1260 293 1321 3.
315 1267 426 1325 (cern
443 1269 466 1315 s
494 1267 655 1315 nonnose
678 1266 810 1319 sercin,
836 1267 942 1314 rasas
974 1267 1082 1315 souis
1109 1268 1290 1326 nanninus
1320 1268 1495 1315 aurnuns

227 1381 429 1430 unsarans.
450 1380 513 1427 nus
533 1379 694 1427 caninus
713 1379 875 1427 sauna·
887 1379 1101 1427 consuamus
1120 1380 1359 1427 caronnacum
1376 1380 1492 1429 numu·

221 1494 308 1554 nus).
337 1483 404 1546 llao
427 1488 458 1547 et
472 1482 533 1546 one
555 1480 680 1560 pulchra
702 1480 811 1559 specie,
835 1479 994 1545 artificiose
1017 1480 1175 1560 supercilia
1202 1481 1430 1559 contrahebant,
1461 1489 1493 1548 et

222 1603 344 1662 venuste
366 1594 559 1660 subsidebant
581 1590 592 1677 (
613 1589 637 1677 l.
660 1627 706 1640 -
728 1591 806 1656 Anni
828 1598 862 1657 ut
884 1593 1011 1676 sagittae
1033 1610 1151 1673 semper
1171 1601 1293 1677 urgent,
1317 1602 1347 1660 et
1360 1595 1491 1676 solislu-

219 1710 274 1775 bar
288 1709 405 1791 fulgore
420 1708 569 1785 illustrat;
583 1708 717 1786 sphaerae
731 1707 869 1771 machina
883 1722 1027 1787 suspensa
1042 1712 1141 1790 gyrat,
1156 1714 1187 1772 et
1199 1707 1378 1772 obscuratus
1391 1710 1492 1774 discus

220 1823 397 1888 circumiens
420 1821 581 1885 illuminat.
606 1820 637 1883 Si
657 1818 814 1885 indicando
838 1821 921 1903 ligna
941 1826 971 1885 te
991 1821 1126 1902 perficias
1141 1822 1178 1884 ad
1192 1820 1405 1890 beatitudinem
1431 1819 1489 1907 (ll,

220 1944 292 2001 tunc
311 1942 433 2001 aemma
451 1935 535 2014 quies
552 1934 649 1997 fauste
666 1930 939 1998 eritincitaiuento.
963 1969 1008 1983 -
1030 1934 1184 1998 Moderare
1204 1950 1312 2013 passus
1324 1940 1355 2000 et
1378 1937 1492 2016 produc

219 2050 329 2115 collum
351 2048 429 2113 sicut
449 2044 640 2112 demittentes
659 2052 690 2111 et
710 2036 881 2111 attollentes
901 2054 992 2126 caput
1011 2046 1041 2111 in
1055 2052 1142 2130 xysto
1163 2054 1194 2134 et
1208 2047 1288 2126 sano,
1314 2049 1365 2128 nui
1386 2050 1491 2114 stricto

219 2163 352 2245 cingulo,
376 2162 457 2226 canti
471 2160 609 2237 modesti,
633 2166 804 2225 reverenter
817 2160 980 2225 incedendo
994 2169 1121 2226 cernunt
1134 2168 1163 2225 et
1177 2162 1353 2241 suspicirmt.
1374 2197 1419 2210 -
1439 2163 1490 2226 Se·

219 2284 364 2359 gregatas
385 2282 417 2340 et
440 2275 613 2340 illitteratus
634 2289 728 2353 panca
741 2273 850 2351 noscit,
873 2274 1051 2354 radiumque
1072 2274 1318 2356 stupidorumquc
1342 2291 1426 2341 more
1439 2276 1489 2340 de·

219 2389 345 2453 ridetur.

259 2501 339 2575 Quae
358 2508 505 2567 vocantur
525 2500 662 2566 dictionis
682 2500 853 2581 auxiliares,
877 2507 948 2567 sunt
970 2502 1115 2581 particula
1137 2501 1246 2581 finalis,
1270 2502 1488 2581 admirationis,

217 2614 408 2699 interrogans
421 2621 452 2681 et
465 2630 605 2695 pausans.

260 2801 303 2881 (1)
317 2811 492 2890 Htrjusmodi
504 2822 615 2871 naturus
628 2809 766 2870 animalis
778 2811 838 2871 usaai
851 2829 912 2872 esse
925 2821 1053 2890 possunt,
1068 2812 1196 2890 adeoque
1210 2780 1369 2877 nastrienda.

260 2914 305 2996 (2)
330 2906 365 2989 Ξ
383 2923 440 2984 Liu
453 2944 511 3004 pon
524 2943 561 2983 ex
575 2923 655 2997 Han,
669 2932 701 2982 ιιι
713 2923 862 3001 litigantes
875 2934 1065 3004 componeret,
1079 2926 1187 3003 sagitta
1196 2926 1295 3004 attigit
1308 2927 1383 2987 ensis
1397 2929 1490 3006 cuspi-

218 3040 286 3099 dem
300 3047 308 3097 ι’
323 3018 366 3100 Ξ
386 3038 403 3098 Ι
423 3038 487 3099 leao
506 3056 608 3096 novem
622 3037 694 3113 pilus
713 3037 757 3095 its
767 3037 901 3116 jaciebat,
922 3045 957 3097 ut
969 3046 1034 3098 octo
1048 3058 1150 3112 serem,
1164 3058 1223 3099 nus
1236 3059 1355 3100 manum
1377 3061 1490 3120 semper

218 3161 411 3230 occuparent:
426 3152 468 3213 Hi
490 3127 636 3229 k‘angffi
659 3150 788 3227 cythara,
812 3146 894 3210 Yuen
908 3151 944 3210 tsi
959 3119 1000 3214 ff
1013 3149 1105 3211 fistula
1126 3149 1327 3236 excellebant:
1342 3129 1383 3214 Ϊ
1397 3156 1490 3233 Mong

218 3252 290 3326 t‘ieu
299 3284 336 3324 ex
345 3261 428 3338 Tsin,
441 3265 550 3325 invenit
563 3261 742 3342 pennicilium
752 3285 761 3324 ι
771 3238 812 3325 ss
823 3250 902 3323 T‘sai
911 3261 977 3322 luen
986 3264 1040 3325 sub
1048 3264 1182 3343 dynastia
1192 3265 1261 3324 Han
1270 3269 1282 3341 l
1290 3267 1340 3326 Ho
1349 3268 1380 3339 ti,
1389 3270 1426 3328 89
1436 3287 1489 3326 sn·

218 3397 260 3437 no
272 3375 377 3437 Christi
389 3366 523 3443 >invenit
535 3395 694 3455 papyrumt
706 3353 747 3441 ffb
763 3376 813 3436 Ma
825 3373 894 3436 kiun
906 3375 974 3436 fecit
987 3386 1136 3437 automata
1149 3401 1158 3439 ι
1175 3378 1235 3438 Jen
1249 3375 1329 3458 kong
1342 3359 1383 3439 {a}
1397 3380 1489 3440 hami·

217 3499 271 3550 ota
284 3499 354 3565 erat,
368 3509 453 3566 quom
466 3489 609 3568 Tchosng
628 3489 787 3568 philosophi
810 3486 947 3568 apologus
960 3487 1052 3565 finxit,
1066 3491 1274 3569 quinquaginta
1286 3492 1376 3553 bobus
1390 3494 1419 3553 in
1434 3492 1489 3553 illi·

217 3604 294 3664 cium
306 3604 450 3677 adhibitis,
463 3603 596 3663 immanis
609 3602 692 3663 molis
705 3604 811 3681 piscem
823 3604 938 3682 cepisse,
952 3611 982 3663 et
994 3601 1035 3663 sic
1048 3612 1140 3664 totam
1153 3604 1263 3682 perisso
1277 3607 1486 3685 conregionem.

261 3709 392 3788 (3)h1uo
412 3703 520 3795 t‘siang
531 3693 573 3776 Η
589 3726 619 3777 et
631 3696 674 3774 Ἐ
691 3715 723 3778 si
734 3716 795 3790 ohe,
814 3713 882 3777 licet
903 3725 962 3775 ιιιιιι
985 3728 1120 3791 venustae,
1141 3717 1233 3777 adhuc
1254 3718 1342 3778 etiam
1366 3717 1487 3779 artificio

218 3832 375 3892 utebantur
387 3856 396 3911 3
412 3829 498 3890 homo
511 3830 594 3890 facile
608 3830 727 3908 capitur.

260 3936 304 4021 (4)
323 3945 392 4005 Dies
404 3951 435 4004 et
447 3953 545 4004 noctes
558 3943 680 4003 invicem
699 3952 836 4021 urgentur
848 3965 858 4004 a
870 3943 934 4004 ideo
955 3944 1097 4005 instanter
1113 3943 1280 4023 perfectioni
1301 3946 1486 4025 operandum.

218 4053 362 4136 Tchoang
373 4066 418 4119 tse
437 4054 607 4117 ostendebat
627 4074 664 4120 ex
684 4056 771 4134 lignis
791 4058 966 4136 consumptis
987 4055 1084 4135 ignem
1101 4058 1220 4119 excitari
1233 4082 1242 4119 ι
1256 4059 1308 4134 ita,
1329 4059 1354 4119 si
1372 4059 1487 4120 studeas

218 4171 393 4250 perfectioni,
408 4171 492 4230 annis
504 4170 686 4249 consumptis,
701 4177 809 4229 {stema
821 4169 944 4231 felicitas
957 4171 1169 4249 superaddetur.

234 4364 305 4475 ᾖ)
317 4386 396 4461 Wffle
408 4387 511 4458 ffilffls
525 4383 639 4462 alloqui
867 4360 936 4473 (ᾗ
965 4383 1043 4461 Ysu,
1056 4386 1222 4464 quomodot
1236 4385 1375 4465 particula
1384 4386 1485 4448 linaiis.

235 4477 304 4590 ᾗ)
314 4498 432 4576 Tonsos,
446 4497 590 4560 auxiliari.
871 4473 936 4586 Ἡ
965 4497 1019 4572 Ys,
1033 4498 1172 4580 particula
1185 4498 1283 4560 finan&
