3556 5664
534 513 630 558 carun
649 513 948 558 movantur-raas
967 515 1057 559 aaron
1372 503 1431 561 415

157 628 259 709 populi
274 626 482 693 consternatio
496 633 527 690 et
540 625 657 691 afflictio
672 633 793 707 propter
808 628 927 692 crudele
947 628 1093 710 regimen,
1117 630 1249 693 nondum
1265 628 1320 694 luit
1335 629 1433 709 major

156 757 192 806 ac
210 740 296 806 bisce
320 739 530 820 temporibus:
549 739 692 805 famelicis
715 747 815 803 autem
838 756 965 820 pronum
980 748 1025 805 est
1042 744 1239 819 manducare;
1263 743 1433 807 sitientibus

157 871 288 936 pronum
304 861 353 919 cst
367 853 469 918 bibere
489 850 544 938 (l).
576 853 735 918 Conlucius
758 852 855 918 aicbat
873 874 880 917 :
898 855 994 919 virtus
1015 855 1120 919 ditiusa
1145 857 1277 922 excurrit
1301 856 1434 920 volocior

157 984 248 1049 quam
265 983 361 1048 eques
376 966 548 1032 tabellarius
562 967 599 1031 ad
614 966 771 1031 deferenda
792 967 930 1032 mandata
947 964 1002 1051 (i).
1032 969 1066 1033 In
1082 971 1220 1050 presenti
1242 979 1388 1049 tempore,
1407 969 1433 1031 si

157 1083 263 1147 decem
286 1081 370 1146 mille
392 1079 604 1163 quadrigarum
630 1095 757 1163 regnum
782 1086 886 1163 ageret
909 1082 1073 1147 humanum
1099 1083 1246 1165 regimen,
1273 1082 1373 1162 populi
1396 1098 1432 1146 eo

157 1195 384 1260 delectarentur
407 1193 500 1257 veluti
514 1194 540 1257 si
555 1194 723 1259 solveretur
746 1194 865 1259 inverso
889 1209 1015 1275 corporo
1039 1212 1212 1276 suspensus.
1246 1195 1433 1274 Quapropter

158 1324 250 1388 opere
266 1307 389 1372 dimidio
403 1322 439 1372 ac
453 1307 638 1386 antiquitatis
662 1307 829 1384 bominum,
856 1307 979 1374 allectus
1001 1309 1132 1390 prolecto
1157 1309 1367 1391 duplicabitur.
1394 1306 1433 1371 bt

158 1421 282 1487 nonnisi
297 1436 429 1501 presens
444 1427 562 1500 tempus
576 1427 623 1486 cst
636 1420 687 1485 ita.
958 1425 961 1431 '

217 1534 251 1600 2.
275 1535 366 1617 Kong
386 1550 459 1598 suen
482 1534 604 1598 t‘obcou
626 1534 817 1617 interrogans
837 1535 879 1599 ait
896 1554 904 1598 ε
923 1534 948 1598 si
970 1536 1116 1618 magister
1134 1542 1240 1601 auctus
1260 1536 1346 1619 regni
1366 1534 1434 1599 T‘si

159 1663 304 1729 supremo
318 1647 510 1730 magistratu,
528 1646 676 1713 obtineret
689 1650 761 1712 dare
775 1664 898 1713 cursum
909 1648 1063 1728 doctrine,
1075 1650 1192 1716 etiamsi
1202 1650 1309 1715 exinde
1319 1650 1432 1715 arcbon

159 1770 212 1826 aut
234 1762 389 1841 imperans
410 1761 561 1837 evaderet,
585 1777 645 1826 non
667 1761 848 1826 mirandum.
875 1760 916 1826 bt
930 1763 1023 1840 stite,
1048 1770 1119 1831 tunc
1139 1763 1370 1829 commoverents
1388 1759 1431 1845 (ti

159 1876 264 1940 auimo
286 1880 400 1942 necne?
425 1874 570 1938 ldeutsiua
590 1875 743 1955 respondit
759 1895 767 1939 ε
785 1890 991 1955 nequaquam
1014 1893 1072 1959 ego
1094 1876 1349 1961 quadragenarius
1369 1875 1433 1954 jam

161 2006 221 2055 non
238 1988 450 2054 commovebar
463 1988 575 2053 animo.
598 1986 649 2052 Ait
660 2009 668 2051 :
681 1988 706 2051 si
721 1987 774 2064 ita,
792 1989 938 2072 magister
951 1997 1073 2070 superat
1087 1992 1179 2073 biong
1193 2006 1251 2070 pen
1266 1990 1357 2071 longe
1374 1984 1430 2072 (4).

162 2102 327 2184 Respondit
345 2122 352 2165 :
370 2101 400 2167 id
415 2117 475 2166 nou
490 2100 615 2167 difficile.
639 2102 704 2167 Kao
720 2103 915 2182 pbilosopbus
930 2104 1103 2184 priusquam
1119 2119 1177 2186 eqo
1189 2121 1249 2168 nou
1264 2116 1432 2168 commove·

160 2216 252 2281 batur
266 2216 357 2280 cordo
374 2212 429 2300 (5).
451 2213 501 2280 dit
517 2233 525 2277 ε
541 2231 600 2280 oon
616 2216 799 2281 commoveri
812 2215 913 2280 ammo
929 2217 1056 2283 habetne
1070 2218 1229 2300 regulam?
1249 2214 1430 2296 Respondit:

128 2352 131 2357 ⁴
161 2330 265 2395 babet.
295 2326 336 2393 Pe
354 2329 436 2412 long
456 2343 531 2411 peon
552 2328 651 2394 alebat
672 2328 876 2394 tortitudinem
897 2330 952 2407 sic,
970 2337 1004 2394 ut
1018 2347 1074 2396 nec
1093 2309 1228 2410 impetita
1244 2336 1312 2395 cute
1327 2328 1433 2394 dedec-

162 2450 253 2520 teret,
285 2459 341 2507 nec
355 2443 523 2522 impetitum
538 2444 658 2507 oculum
687 2448 835 2507 averteret
853 2438 896 2523 (6)
915 2443 1131 2509 :existimabat
1153 2443 1185 2507 in
1200 2460 1260 2509 uno
1285 2444 1345 2523 pilo
1367 2441 1434 2505 ledi

163 2557 201 2621 ab
216 2557 289 2633 alio,
306 2572 366 2620 ooo
381 2556 469 2621 aliter
483 2569 519 2619 ac
541 2558 682 2635 vapulare
701 2555 732 2620 iu
755 2556 820 2620 toro
841 2558 890 2621 vel
909 2556 1051 2621 tribunali
1068 2553 1110 2642 (7)
1130 2577 1138 2621 ε
1156 2573 1216 2622 uon
1236 2555 1401 2620 sustinebat
1416 2570 1434 2619 a

163 2671 252 2736 lanea
272 2672 372 2750 ampla
393 2675 477 2734 veste
493 2665 550 2754 (8),
572 2668 742 2750 pariterque
762 2684 823 2733 non
844 2669 957 2735 terebat
970 2684 988 2733 a
1003 2671 1106 2736 decem
1121 2671 1204 2736 mille
1219 2669 1434 2752 quadrigarum

203 2919 251 2997 (l)
273 2925 434 2986 Famelicus
451 2926 549 2986 rudius
572 2927 660 2986 etiam
682 2926 797 2987 condita
818 2926 902 2989 t'acile
926 2926 1024 3006 arripit
1042 2949 1052 2993 a
1069 2927 1174 3007 popolo
1197 2937 1259 2989 tam
1284 2927 1434 2990 anhelanti

164 3040 309 3120 quodlibet
322 3039 478 3098 homanum
491 3040 661 3116 guberoiam
674 3037 757 3099 facile
770 3038 953 3100 blandiretur.

205 3143 252 3225 (2)
272 3131 314 3213 ff
327 3161 371 3213 est
385 3153 540 3231 statioque
551 3153 644 3213 veredi
658 3160 813 3224 mutantur,
828 3130 871 3215 ᾖ
886 3173 952 3214 vero
961 3174 1016 3233 qua
1026 3173 1153 3216 ouraoroa
1166 3156 1275 3236 pedites
1287 3154 1433 3216 alternan-

165 3277 213 3328 tur
227 3289 235 3328 :
250 3267 373 3326 alterum
387 3264 475 3342 igitur
486 3267 523 3326 de
538 3266 691 3332 veredario,
711 3264 832 3324 alterum
846 3267 950 3326 dicitnr
962 3268 998 3327 de
1010 3287 1131 3329 cursore.

204 3371 251 3453 (3)
272 3378 394 3440 Eaeetne
416 3377 510 3458 aliqua
532 3378 676 3440 haeaitatio
694 3376 740 3438 vel
753 3377 884 3451 formido,
905 3398 979 3458 qoae,
1001 3400 1138 3442 concurso
1161 3383 1266 3456 animo,
1290 3383 1432 3443 actionem

166 3494 344 3555 retardareti

205 3597 255 3678 (4)
272 3606 363 3684 Mong
374 3625 439 3685 pen,
451 3592 513 3666 T‘ai
523 3605 618 3678 homo,
632 3612 745 3684 poterat
757 3603 875 3667 evellere
885 3625 973 3666 corno
984 3608 1073 3669 bovia.
1093 3605 1166 3668 Cum
1178 3583 1219 3670 ᾗ
1231 3587 1274 3675 ἢ
1283 3625 1333 3668 ren
1345 3607 1434 3667 sortes

168 3729 287 3792 amaret,
300 3721 418 3780 accessit
431 3720 469 3779 ad
482 3719 559 3779 hunc
570 3738 676 3796 regem.

205 3824 252 3904 (5)
275 3833 341 3893 Kao
355 3815 411 3905 θ’,
426 3841 600 3910 agnromento
615 3814 653 3895 Z}
671 3805 728 3905 ἓ,
741 3832 865 3891 Menteio
884 3840 1148 3912 contemporaneus,
1166 3834 1272 3893 stoicus
1292 3841 1361 3903 erat,
1380 3832 1431 3910 qui

167 3948 310 4024 integram
323 3948 427 4008 mentis
440 3947 572 4025 quietem,
586 3946 624 4005 ab
635 3944 767 4005 omnibns
780 3946 905 4005 externis
917 3947 999 4006 rebus
1013 3946 1250 4026 independentem
1266 3955 1296 4006 at
1306 3947 1430 4006 abstrac-

168 4068 227 4120 tam
242 4060 396 4136 querebat.

207 4163 253 4241 (6)
274 4171 347 4233 Cum
362 4174 434 4233 ictua
442 4174 504 4251 ejus
514 4171 615 4249 pellem
627 4170 798 4250 attingebat,
809 4191 868 4231 non
877 4172 1046 4232 incurvabat
1058 4192 1159 4251 oorpua
1169 4174 1206 4234 orl
1216 4172 1430 4251 declinandum

167 4304 232 4346 corn
247 4285 319 4347 ictus
335 4287 397 4365 ejus
415 4287 528 4347 oculoru
548 4285 714 4363 impetebat,
732 4304 791 4346 uon
811 4285 956 4346 avertebat
977 4284 1114 4366 pupillam
1128 4285 1164 4346 ad
1177 4286 1359 4366 evitandam
1381 4287 1432 4346 aed

167 4399 321 4460 immobilia
333 4401 511 4479 peraiatebat

207 4502 255 4583 (7)
273 4513 310 4574 In
323 4512 386 4574 looo
402 4512 524 4592 publico.

208 4614 257 4696 (8)
275 4603 315 4686 ᾗ
325 4626 424 4687 laneae
433 4644 555 4705 pannus,
570 4602 612 4691 Ῑ
623 4601 665 4690 la
679 4625 756 4690 latua
766 4640 798 4694 et
808 4623 929 4707 amplus,
940 4626 1091 4706 designant
1104 4631 1222 4697 reatem,
1232 4643 1290 4702 qua
1301 4623 1434 4703 vulgares

172 4737 297 4800 homines
309 4741 472 4801 utebantur.
1056 4758 1059 4765 ’

248 4869 270 4913 n
929 4909 934 4921 ,
1317 4853 1354 4907 53
