3556 5664
18 4478 29 4619 r

15 4638 21 4723 i

562 634 768 769 curor
801 669 1106 769 ductuum.

249 909 309 972 Tse
326 910 442 991 teitaug
456 909 498 971 ait
515 928 522 970 ε
541 909 691 987 sapientie
711 911 851 972 alumnus
870 911 934 974 viso
949 910 1081 989 periculo
1100 925 1251 987 exponens
1274 909 1376 983 ritum,
1401 910 1466 974 viso

197 1023 279 1086 lucro
295 1023 434 1104 cogitans
447 1021 604 1102 justitiam,
622 1022 653 1086 iu
665 1023 798 1087 litamine
814 1039 928 1088 memor
944 1023 1128 1099 reverentie,
1145 1023 1175 1086 iu
1192 1022 1294 1087 iuuere
1310 1024 1466 1087 attondens

198 1135 331 1209 moerori,
348 1136 375 1198 is
390 1134 464 1197 satis
477 1135 550 1215 jam.

255 1249 285 1314 2.
308 1250 368 1313 Tse
383 1250 497 1330 tcoung
511 1249 554 1313 ait
570 1270 577 1311 :
596 1265 720 1313 seruans
735 1250 876 1313 uirtutem
891 1266 950 1314 uon
966 1265 1123 1332 generose,
1140 1257 1169 1313 ct
1185 1249 1309 1312 credens
1324 1249 1466 1313 doetnnae

198 1363 277 1427 haud
293 1363 427 1440 firmiter,
447 1364 498 1442 qui
513 1373 645 1427 meretur
661 1364 827 1443 supputari,
844 1365 992 1441 existens3
1010 1364 1061 1445 quui
1076 1371 1207 1426 moretur
1222 1362 1388 1442 supputari,
1406 1378 1466 1426 non

200 1477 352 1540 existens?
1467 1534 1472 1545 .

256 1591 286 1653 3.
309 1590 368 1653 use
388 1590 437 1653 tria
458 1590 568 1679 acholio
592 1591 706 1654 alumni
730 1591 929 1670 quaesiverunt
944 1592 980 1655 de
995 1591 1124 1655 amicitia
1139 1606 1156 1652 a
1171 1591 1231 1654 Tse
1254 1591 1375 1671 tchang.
1407 1590 1466 1654 'l'se

201 1704 311 1785 tetrang
331 1703 373 1765 ait
391 1722 398 1766 :
417 1703 475 1766 Tse
497 1703 546 1766 iria
567 1703 637 1782 quid
658 1704 749 1768 dicit?
781 1706 1003 1784 [impendentes
1026 1705 1165 1769 aduerunt
1182 1725 1189 1766 :
1208 1705 1266 1767 Tse
1289 1702 1338 1767 hia
1360 1702 1431 1766 dicit
1454 1723 1463 1767 ε

201 1816 340 1896 nrooaos,
369 1816 416 1881 iris
440 1817 643 1893 consociatum
675 1817 726 1896 oui
750 1834 811 1881 non
835 1818 1009 1898 probantur,
1035 1834 1087 1881 eos
1113 1818 1234 1896 repelle.
1270 1817 1328 1879 Tse
1353 1817 1467 1899 tehang

201 1930 346 1993 exclamat
362 1950 370 1993 :
388 1929 486 1993 differt
505 1930 543 1993 ab
557 1947 593 1994 eo
612 1931 690 2010 quod
712 1946 769 2014 ogo
794 1930 909 2009 audiri3
933 1932 1082 1995 excellens
1102 1931 1147 1994 uir
1168 1931 1294 1994 aestimat
1317 1928 1466 2008 sapientes

202 2048 230 2106 et
245 2042 451 2122 complectitur
469 2057 585 2118 omncs,
610 2045 711 2109 iaudat
730 2044 823 2108 bonos
838 2051 867 2108 et
888 2043 1047 2107 miseratur
1066 2044 1253 2123 impetentes.
1283 2043 1393 2106 Sumne
1407 2058 1466 2126 ego

203 2171 328 2238 magnus
352 2156 490 2236 sapiens?
515 2173 552 2221 ex
567 2158 737 2221 homiuibus
751 2158 818 2237 quis
833 2159 889 2221 erit
904 2174 992 2236 quem
1008 2173 1067 2222 uon
1083 2157 1258 2221 admittam?
1280 2171 1386 2220 sumne
1407 2172 1465 2239 ego

202 2268 359 2349 insipiens?
376 2269 426 2332 atii
441 2275 574 2333 suntme
589 2270 753 2351 repulsum
771 2272 918 2350 quornodo
935 2271 982 2333 dot
999 2271 1072 2333 iilud
1088 2270 1231 2350 reuellere
1247 2270 1344 2333 aiios?

258 2383 287 2446 i.
311 2384 369 2446 Tse
389 2383 438 2445 iria
458 2382 499 2444 ait
517 2403 524 2444 :
543 2385 679 2463 quamvis
703 2384 789 2447 exitis
812 2401 874 2459 ars,
901 2383 1033 2463 omieoto
1058 2384 1148 2447 undet
1172 2383 1249 2461 <ruod
1270 2383 1309 2446 sit
1330 2390 1465 2461 spectatu

203 2494 334 2578 dignum,
357 2495 395 2559 itt
409 2494 434 2558 si
451 2512 626 2577 promoveat
641 2498 676 2560 ad
693 2499 783 2578 louge
799 2497 954 2576 protunda,
972 2513 1077 2561 uereor
1092 2513 1128 2560 nc
1144 2496 1314 2560 obstructus
1329 2497 1462 2572 hereas3

203 2616 379 2689 quapropter
396 2610 513 2688 sapiens
529 2624 587 2673 non
604 2617 723 2674 exercet
740 2607 795 2693 (Ι).

257 2723 286 2786 5.
310 2723 369 2788 Tse
385 2722 433 2785 tria
448 2723 490 2786 ait
506 2742 514 2785 :
533 2721 563 2786 iu
578 2724 657 2788 diem
678 2723 847 2803 perriiscens
866 2740 932 2803 qua
947 2723 1014 2803 quis
1034 2724 1165 2788 nondun
1184 2723 1342 2803 possideat,
1366 2729 1395 2786 et
1411 2738 1465 2802 per

202 2850 331 2900 ruensem
339 2838 379 2900 nit
389 2836 566 2900 obliviscens
576 2854 641 2916 qum
652 2838 714 2917 ipse
722 2836 784 2916 jam
795 2844 905 2913 teneat,
919 2843 1016 2917 ootest
1026 2837 1081 2902 diei
1091 2837 1153 2917 jam
1161 2837 1311 2900 studiosus
1317 2836 1461 2901 discendi.

256 2950 285 3014 6.
310 2950 369 3014 Tse
384 2950 432 3014 tria
448 2949 489 3012 ait
502 2969 509 3011 :
523 2950 582 3014 iate
597 2951 748 3015 addiscere
763 2958 793 3014 et
808 2951 885 3013 serio
901 2951 988 3026 reite,
1007 2951 1136 3031 practica
1150 2951 1306 3021 consulere
1320 2955 1350 3015 et
1366 2949 1463 3029 orori-

202 3078 247 3126 ma
263 3063 377 3140 rimari,
396 3078 465 3127 rora
481 3061 577 3125 virtus
591 3063 741 3127 inuenitur
758 3065 912 3128 interime
928 3062 982 3146 (Q).

255 3179 284 3239 7.
309 3178 369 3240 Tse
380 3177 429 3241 hia
439 3176 481 3240 ait
493 3196 500 3238 :
514 3178 588 3240 rarii
604 3176 732 3240 artiiices
748 3183 867 3241 manent
879 3177 909 3239 in
921 3177 983 3241 toro
994 3178 1031 3240 ud
1042 3176 1252 3257 perficiendum
1270 3192 1357 3239 suum
1368 3192 1461 3255 onus;

202 3289 315 3369 sapiens
330 3289 456 3355 addiscit
469 3290 506 3353 ad
521 3288 673 3373 fastigium
690 3289 900 3370 imponendum
916 3307 976 3353 sum
991 3292 1131 3355 doctrine
1148 3286 1202 3372 (3).

256 3403 285 3469 8.
309 3405 369 3467 Tse
384 3403 432 3467 tria
448 3404 490 3467 ait
507 3422 514 3465 :
532 3403 666 3485 vulgaris·
681 3405 771 3468 homo
786 3420 851 3483 que
867 3405 1033 3483 peccaverit
1055 3402 1176 3467 omniuo
1191 3403 1258 3467 iuoo
1273 3404 1460 3468 cohonestat.

256 3516 286 3580 9.
309 3517 368 3580 Tse
384 3517 433 3579 tria
448 3516 489 3579 ait
512 3535 519 3579 :
541 3517 659 3596 sepiens
680 3517 768 3582 tradet
787 3524 849 3580 tres
866 3518 977 3581 formas
994 3537 1001 3581 :
1020 3517 1045 3580 si
1060 3516 1176 3581 eminus
1195 3516 1340 3596 suerricias
1362 3516 1457 3593 iilum,

137 3716 141 3723 η
202 3644 320 3693 seuerus
335 3630 468 3707 videtum
486 3630 512 3693 si
526 3629 676 3710 uronimes
691 3630 745 3708 itti,
762 3639 809 3695 eet
822 3631 932 3708 comis3
954 3631 979 3694 si
995 3630 1098 3695 audias
1111 3630 1177 3708 ejus
1192 3644 1372 3706 sermonem,
1390 3629 1462 3712 rigi·

202 3742 255 3806 dus
268 3743 326 3807 erit
341 3740 397 3827 (i).

239 3993 285 4072 (t)
303 4004 371 4062 Non
386 4012 501 4062 exercet
514 4001 726 4081 agriculturam,
744 4003 923 4065 medicinam.
937 4010 967 4062 et
980 4001 1038 4061 eliu
1050 4001 1220 4076 hujnemodi.
1234 4020 1292 4061 non
1308 4002 1385 4078 quod
1399 4020 1464 4080 par·

202 4116 341 4194 adpendet
355 4115 405 4175 ned
418 4116 492 4193 qood
504 4125 649 4193 nequeant
661 4115 722 4176 hm:
734 4135 846 4175 summo
859 4117 903 4175 eui
917 4114 1093 4191 aliorumque
1106 4115 1244 4192 gubernio
1258 4112 1403 4192 applicari.

237 4220 281 4297 (2)
303 4205 342 4292 fl]
359 4229 465 4289 viribus
480 4229 585 4307 pervio,
600 4238 630 4288 et
643 4248 717 4289 nune
737 4229 883 4308 possibilia
904 4229 982 4288 fectu
997 4254 1005 4289 ι
1021 4206 1060 4293 (ᾗ
1076 4228 1130 4289 eibi
1145 4228 1230 4289 obvie
1241 4236 1271 4287 et
1285 4227 1323 4289 ud
1334 4229 1460 4306 seipsum

199 4343 366 4422 cpwtuntin.

236 4446 282 4525 (8)
304 4430 347 4519 ἦ
358 4456 445 4516 statio
467 4455 619 4516 artifioibnu
641 4458 795 4536 casignete,
819 4464 850 4516 ut
863 4474 959 4516 eorum
975 4475 1054 4516 mene
1067 4454 1105 4516 ab
1118 4453 1219 4516 alienia
1239 4455 1323 4517 rebe!
1336 4474 1394 4514 non
1409 4456 1461 4516 ab·

198 4578 313 4645 straete,
327 4588 398 4649 opor
411 4570 553 4648 perficeret
565 4568 736 4631 absolutum.

236 4673 285 4752 (4)
303 4683 424 4763 Rigidue
438 4684 582 4763 [equitetis
594 4695 729 4745 serretur.

275 4815 298 4857 11
