3556 5664
516 498 614 544 uarum
633 497 794 543 motmunt
805 497 933 542 -eana
952 497 1115 542 wmarus
1391 485 1451 546 4118

175 612 322 695 temporis
337 612 591 694 opportunitatem
604 608 664 696 (l);
681 627 750 677 cnm
766 619 940 678 tamennon
956 613 1205 696 expugnaverint,
1222 613 1360 693 estquod
1375 619 1449 679 tem

177 727 258 806 poris
273 727 485 807 opportunitas
500 742 559 790 nun
575 725 649 789 tanti
665 740 701 790 ac
715 726 772 791 loci
787 727 1034 791 emolumentum.
1061 728 1105 790 Eu
1121 727 1231 791 moenia
1251 727 1374 791 minime
1389 742 1449 792 nou

177 840 250 918 alta,
263 840 353 905 iussae
364 839 487 905 minime
496 855 554 904 nou
567 840 730 920 protunda,
748 854 832 903 arma
842 847 873 905 et
883 838 982 903 loricae
997 840 1119 905 minime
1130 855 1189 903 nou
1200 840 1297 905 valida
1307 846 1447 917 etacuta,

178 968 266 1036 oryza
281 960 313 1019 et
329 954 433 1036 bugos
457 953 578 1017 minime
600 967 659 1016 non
679 951 865 1018 abundantes
882 973 889 1017 :
907 953 933 1015 si
948 953 1039 1017 missa
1064 954 1279 1033 relinquantur,
1305 958 1351 1019 est
1370 953 1450 1034 quod

178 1066 236 1131 loei
250 1068 489 1133 emolumentum
505 1081 564 1131 nou
580 1066 655 1130 tanti
665 1081 701 1130 ac
710 1066 866 1131 bominum
881 1066 1049 1131 concordia.
1071 1066 1141 1130 ldeo
1156 1066 1284 1130 dicitur:
1301 1068 1450 1131 «vallatur

177 1182 307 1260 populus
327 1196 388 1245 non
408 1196 462 1261 per
480 1180 709 1264 aggerationnm
734 1180 954 1260 conduiumque
978 1181 1138 1256 terminos;
1163 1180 1299 1244 firmatur
1320 1196 1448 1263 reguum

177 1309 237 1358 uon
253 1309 309 1375 per
323 1293 470 1359 montium
496 1294 733 1373 torrentumque
752 1293 955 1369 difficultatem
979 1292 1174 1357 formidabilis
1190 1293 1224 1356 iis
1243 1294 1369 1375 imperio
1388 1309 1449 1358 uon

177 1421 231 1486 per
255 1422 411 1473 armorum
442 1407 662 1487 loricarumque
692 1407 918 1472 validitatem.»
950 1404 1005 1478 Qui
1031 1411 1113 1472 tenet
1137 1406 1288 1487 uirtutem,
1318 1406 1450 1471 abundat

176 1520 375 1600 adiumentis3
392 1522 442 1601 qni
458 1520 579 1601 reliquit
600 1521 753 1597 virtutem,
770 1536 788 1584 a
803 1521 906 1601 paucis
920 1519 1089 1599 adiuvatur.
1118 1520 1319 1584 Minucntibus
1333 1520 1448 1601 adiuto-

177 1633 262 1698 ribus
275 1634 315 1698 ad
329 1644 509 1711 extremum,
535 1633 749 1716 consanguinei
764 1639 795 1699 et
809 1633 911 1698 aliines
932 1632 1069 1699 deficient
1084 1633 1201 1714 adipso
1218 1653 1226 1698 ε
1244 1634 1449 1713 multiplicatis

176 1745 365 1828 adjutoribus
377 1749 415 1813 ad
429 1764 592 1823 summum,
608 1747 768 1827 imperium
784 1747 883 1813 obedit
897 1748 964 1829 ipsi.
988 1746 1061 1820 Ouia
1077 1748 1124 1812 oui
1139 1747 1297 1827 imperium
1312 1747 1448 1828 obsequi·

177 1866 240 1939 tur,
257 1861 417 1945 impugnat
430 1861 645 1944 consanguinei
655 1868 685 1924 ct
695 1860 797 1925 ablues
811 1878 901 1942 quem
916 1860 1092 1937 destituunt,
1109 1861 1176 1925 ideo
1191 1860 1310 1941 sapiens
1325 1861 1372 1925 vel
1388 1877 1448 1926 non

177 1973 374 2053 praeliabitur,
390 1982 422 2038 at
438 1974 576 2054 praelians
590 1975 722 2054 prolecto
737 1975 847 2039 vincet.

236 2087 268 2150 2.
292 2088 618 2167 blentsioinprocinotu
633 2088 820 2152 obsalutaudi
831 2104 945 2171 regem
959 2087 1253 2169 reannisitaliquem,
1264 2088 1448 2168 quireniens

175 2200 290 2266 diceret
308 2220 316 2265 :
334 2217 392 2284 ego
407 2200 572 2266 meditabar
593 2200 753 2266 conuenire
773 2201 912 2280 inrisum,
933 2202 984 2267 sed
1000 2200 1095 2267 babeo
1109 2218 1147 2267 cx
1162 2201 1274 2284 frigore
1295 2201 1442 2281 morbum,

175 2329 238 2379 non
260 2330 382 2394 possum
397 2331 463 2379 esse
479 2315 509 2378 iu
524 2314 649 2394 perflatu
667 2335 675 2378 ε
693 2316 822 2379 crastina
837 2315 884 2381 die
898 2321 1077 2395 excepturus
1092 2332 1159 2379 sum
1175 2315 1212 2378 ad
1226 2317 1327 2380 aulam
1341 2323 1446 2380 ventu·

177 2443 240 2505 ros,
258 2428 359 2492 nescio
375 2445 411 2492 an
429 2427 492 2492 lieri
513 2428 655 2509 possiunt
669 2443 726 2510 ego
748 2428 898 2494 obtineam
913 2436 943 2493 te
958 2429 1058 2492 videre
1080 2426 1135 2513 (i).
1169 2430 1362 2509 Respondens
1377 2429 1444 2493 ait:

175 2539 337 2605 infeliciter
350 2542 445 2608 babeo
461 2541 610 2618 morbum,
626 2558 684 2606 uon
697 2556 817 2622 possum
832 2542 915 2617 adire
929 2544 1040 2606 aulam.
1064 2542 1203 2622 Sequenti
1215 2543 1262 2606 dic
1272 2543 1363 2607 exivit
1376 2558 1446 2607 con·

177 2654 330 2718 solaturus
345 2655 382 2718 ad
397 2655 546 2735 toparcha
556 2654 731 2736 Tonglouo
742 2655 896 2719 familiam.
909 2656 1082 2738 llougsuen
1093 2657 1216 2721 t‘cbeou
1230 2656 1272 2719 ait
1289 2676 1296 2718 :
1315 2656 1445 2735 praeteri·

178 2767 266 2831 tadie
278 2776 306 2831 te
317 2767 467 2832 excusasti
483 2774 603 2848 propter
617 2768 767 2845 morbum,
784 2775 815 2834 et
830 2769 917 2834 bodie
931 2768 1098 2849 exequialis
1115 2786 1124 2833 ε
1142 2784 1241 2834 nonne
1256 2769 1332 2834 sorte
1347 2768 1447 2833 miuus

178 2880 282 2945 decet?
303 2880 464 2962 Respondit
482 2901 489 2943 ε
507 2880 573 2945 beri
586 2881 781 2964 aegrotabam,
798 2882 885 2948 bodie
900 2882 1054 2958 couvalud3
1071 2882 1097 2947 si
1110 2883 1164 2959 ita,
1183 2898 1237 2947 our
1252 2897 1311 2947 non
1326 2882 1445 2963 exequi·
1536 2929 1539 2935 .

178 2992 272 3059 about
293 2994 356 3058 Rea
371 2994 453 3058 misit
466 2995 595 3075 aliquem
610 2996 797 3077 interrogare
807 2997 843 3060 de
853 2995 1035 3073 valetudine,
1048 3002 1079 3059 et
1092 2996 1225 3061 melicus
1239 2995 1330 3060 uenit.
1354 2996 1447 3078 Mong

177 3107 292 3190 tobong
307 3116 352 3172 tse
368 3108 520 3189 respondit
536 3106 578 3194 (3)
598 3128 606 3170 :
623 3108 689 3172 beri
705 3108 851 3188 recipiens
873 3108 954 3191 regis
977 3108 1106 3188 jussum,
1133 3108 1260 3173 babebat
1285 3108 1445 3191 colligendi

178 3221 366 3287 ramusculos
380 3221 587 3304 aegritudinem
599 3217 655 3305 (ll,
668 3237 723 3286 neo
733 3222 829 3301 potuit
841 3222 923 3286 aditu
936 3223 1036 3285 aulam
1049 3242 1056 3285 :
1071 3222 1157 3287 bodie
1174 3221 1295 3287 morbus
1310 3221 1444 3302 aliquan·

177 3333 275 3397 tulum
300 3335 462 3411 convaluit,
479 3341 511 3398 et
525 3334 650 3399 tostinus
673 3335 844 3415 properauit
857 3335 894 3398 ad
910 3337 1009 3399 aulam
1028 3355 1036 3397 :
1054 3351 1111 3417 ego
1133 3335 1233 3400 nescio
1255 3350 1295 3399 au
1314 3334 1445 3415 potuerit

177 3447 334 3526 pervenire
357 3464 460 3512 necue.
494 3447 575 3511 ltisit
598 3453 698 3512 autem
722 3448 836 3528 aliquot
860 3448 1008 3525 bomines,
1031 3449 1081 3529 qui
1103 3449 1270 3514 detinerent
1285 3449 1315 3512 iu
1330 3437 1387 3526 uia,
1413 3454 1445 3513 et

177 3558 335 3625 dicerent:
353 3576 464 3641 quaeso
485 3561 607 3626 omnino
626 3577 664 3625 ue
683 3561 799 3639 redeas,
821 3562 873 3626 sed
892 3577 944 3626 eas
958 3563 996 3625 ad
1011 3563 1119 3625 aulam.
1151 3562 1217 3627 Non
1240 3563 1335 3642 potuit
1356 3562 1444 3627 aliter

176 3672 286 3751 iacere,
299 3679 328 3738 et
338 3674 393 3738 ivit
402 3674 439 3738 ad
450 3675 610 3755 toparchae
626 3674 708 3757 lling
722 3675 843 3740 t‘cbeou
860 3675 1002 3739 iamiliam
1018 3683 1202 3756 pernoctare.
1225 3675 1307 3758 liing
1322 3681 1367 3740 tse
1378 3675 1440 3740 alt:

174 3785 257 3850 domi
271 3787 391 3867 quidem
406 3794 535 3868 pateret
551 3787 640 3865 lilius,
657 3799 742 3853 entra
757 3803 829 3854 vero
842 3788 980 3869 princeps
995 3794 1026 3853 et
1037 3787 1184 3865 subditus,
1202 3789 1357 3853 bominum
1372 3794 1444 3852 suut

212 4262 262 4344 (1)
280 4270 430 4334 Pmaoet
452 4273 537 4334 urbs:
551 4292 776 4350 quaquaversum
792 4272 950 4345 deumne,
965 4293 1035 4352 ergo
1050 4293 1110 4334 nou
1126 4272 1278 4336 dduemnt
1293 4295 1443 4354 uggrmo-

173 4387 253 4447 nbula
263 4386 405 4464 adjutores
414 4394 447 4446 ut
456 4405 575 4446 numero
584 4386 754 4464 snffiwenq
763 4388 976 4465 impugnarunt,
987 4406 1055 4466 ergo
1062 4388 1266 4467 diuperu'atere
1276 4397 1439 4468 potueruut

213 4489 262 4569 (2)
280 4487 339 4560 T‘si
351 4497 476 4577 mina,
486 4498 523 4559 de
533 4516 590 4575 quo
602 4499 706 4576 agitur,
719 4518 778 4560 uon
793 4508 904 4579 poterat
917 4500 1058 4561 advenum
1071 4501 1111 4562 aio
1121 4501 1158 4561 ad
1168 4498 1263 4560 aulam
1273 4521 1440 4564 conuocare.

213 4602 259 4683 (3)
276 4612 394 4674 Mentsii
407 4620 471 4671 erat
483 4611 613 4671 sobrinus
627 4623 714 4690 atque
727 4612 887 4692 discipulum

214 4716 260 4797 (l)
278 4725 393 4788 Morbos
406 4743 444 4786 cx
454 4721 617 4787 humilitate
630 4725 732 4787 dicitur
745 4726 897 4806 colligendi
909 4726 1015 4790 memia
1027 4726 1179 4788 molentun
1192 4726 1439 4807 impedimentum.
