3524 5652
554 527 651 572 ouen-r
668 526 802 569 moun:
813 541 856 556 -
867 526 942 570 uarro
961 525 1126 572 muron
1414 513 1475 576 tra

207 643 368 728 operarius.
400 640 517 723 Aliquis
530 641 559 707 il
576 641 690 723 moqnit
712 643 814 725 Wang
835 642 938 725 leang;
966 642 1068 724 leunq
1083 642 1125 706 ait
1142 663 1149 706 :
1168 658 1242 727 rogo
1263 643 1373 710 iterare
1389 661 1470 725 rem;

206 763 350 827 instanter
368 757 487 840 rogarit
499 763 528 820 et
541 756 608 821 deiu
624 770 797 821 concessum
815 776 823 818 :
840 770 900 820 uuo
915 772 1002 820 mane
1014 755 1077 834 jam
1092 762 1194 837 captae
1209 760 1310 823 decem
1326 761 1444 839 praerluo
1460 781 1468 824 ε

206 874 355 960 gratimus
370 871 409 934 lli
424 870 556 935 reterens
571 868 715 935 rationem
731 869 773 932 ait
785 890 792 932 :
805 870 922 949 imperii
938 868 1134 950 peritissimus
1144 871 1315 936 astartileu.
1333 873 1410 938 Kieu
1425 881 1472 940 tse

206 989 248 1053 ait
265 1008 272 1052 :
290 1000 347 1068 ego
366 983 476 1065 jubebo
500 991 646 1048 rectorem
667 999 722 1064 pro
744 990 773 1048 te
794 983 926 1067 aurigari
943 1003 951 1047 ι
969 985 1085 1048 monuit
1108 985 1210 1067 Wang
1234 987 1341 1069 leung;
1368 988 1471 1069 leanq

207 1100 305 1166 renuit
327 1098 430 1163 dieens
446 1116 454 1160 :
471 1113 529 1180 ego
543 1113 598 1178 pro
612 1097 665 1162 illo
681 1097 738 1163 rite
754 1095 848 1162 direxi
869 1112 970 1161 meum
992 1112 1125 1174 cursum,
1143 1104 1173 1160 et
1187 1105 1248 1163 tota
1262 1099 1310 1163 die
1325 1116 1380 1164 neo
1394 1100 1471 1179 oepit

206 1230 315 1290 unum3
332 1227 386 1293 pro
396 1212 448 1276 illo
458 1218 562 1276 contra
577 1212 713 1292 regulam
728 1211 847 1277 obviam
856 1210 897 1275 ivi
909 1208 964 1296 (1),
977 1216 1007 1273 et
1016 1226 1076 1277 uuo
1087 1226 1174 1276 mane
1185 1213 1248 1291 jum
1257 1213 1335 1292 oepit
1349 1213 1468 1278 decem:

206 1329 331 1393 carmen
348 1323 397 1410 (ΙΙ.
414 1322 481 1409 25.)
498 1324 559 1388 ait:
576 1325 674 1389 «haud
688 1325 845 1390 aberrante
859 1324 923 1404 ipsa
937 1324 1086 1402 torsione,
1104 1327 1243 1419 lunantur
1257 1326 1374 1409 sagittar
1389 1328 1471 1391 uelut

206 1440 422 1506 transferentes
438 1436 515 1524 (liu
533 1441 597 1522 Ego
612 1455 672 1504 nou
686 1438 804 1503 assuevi
818 1454 887 1502 enm
902 1437 1020 1520 vulgari
1035 1438 1156 1503 homine
1170 1439 1319 1522 aurigari3
1336 1441 1411 1504 uelis
1423 1456 1471 1504 me

206 1569 358 1620 excusare.
385 1551 529 1633 Aurigam
550 1551 648 1617 adluue
671 1552 759 1632 pudet
774 1568 842 1617 cum
855 1550 1020 1631 jaculatore
1041 1552 1132 1628 coire,
1149 1558 1180 1616 et
1194 1552 1220 1618 si
1234 1554 1367 1617 coeundo
1385 1568 1470 1634 cape·

207 1676 310 1733 rentur
329 1666 466 1732 volueres
480 1672 508 1731 et
525 1666 606 1740 lere,
629 1665 744 1730 etiamsi
765 1665 860 1729 instar
881 1664 988 1728 tumuli
1010 1664 1209 1745 colliculique,
1226 1681 1284 1730 non
1301 1666 1471 1744 iaceret3si

205 1782 266 1862 jam
281 1788 389 1863 agatur
403 1780 440 1844 de
454 1779 636 1844 iucuruanula
657 1779 766 1863 agendi
787 1792 891 1843 norma
906 1778 943 1841 aul
959 1779 1125 1858 sequendm
1144 1779 1223 1858 illos,
1247 1781 1394 1859 quomodo
1410 1776 1471 1865 (3)t

206 1896 271 1960 lmn
285 1902 318 1957 tu
332 1893 477 1958 aberrasti
494 1912 502 1956 ε
521 1892 572 1973 qui
586 1908 619 1957 se
633 1893 781 1969 incurvat,
798 1907 951 1971 nunquam
965 1890 997 1954 it
1008 1891 1144 1971 utpossit
1158 1900 1256 1958 rectos
1271 1892 1367 1958 laoere
1382 1894 1467 1957 alios.

264 2007 295 2071 2.
317 2007 397 2090 lling
414 2009 535 2071 t‘elroen
548 2002 590 2089 (4)
602 2007 644 2070 uit
657 2026 664 2069 :
678 2005 773 2069 nostri
786 2005 830 2068 illi
844 2005 934 2087 Kong
948 2020 1022 2069 suen
1037 2021 1094 2089 yon
1104 2013 1134 2069 et
1144 2006 1267 2090 Tetrang
1278 2007 1288 2069 i
1300 2003 1355 2091 (5);
1372 2022 1471 2072 nonne

207 2137 276 2186 uere
291 2120 394 2202 magni
408 2119 480 2197 viri;
497 2120 588 2183 semel
604 2134 639 2183 ao
653 2118 823 2183 irascuntur
834 2117 897 2197 jam
912 2118 1009 2202 reguli
1023 2119 1266 2195 contremiseunt,
1278 2120 1309 2184 iu
1319 2136 1392 2201 paee
1407 2121 1470 2200 qui·

208 2232 517 2313 escuntetimperium
533 2232 754 2312 tranquillatur.
772 2232 915 2297 loentslus
925 2231 967 2294 ait
978 2252 986 2294 ε
999 2231 1091 2311 iriqul
1102 2239 1225 2312 possunt
1240 2233 1355 2299 censeri
1369 2233 1471 2317 magni

209 2348 283 2412 riri?
302 2345 347 2410 lin
363 2352 396 2410 tu
412 2347 543 2411 nondum
565 2345 703 2410 studuisti
725 2346 830 2409 ritibus
846 2342 911 2429 (fill
936 2361 1004 2410 eum
1026 2345 1198 2410 adolescens
1218 2347 1330 2426 pileum
1350 2347 1468 2428 aeeipit,

208 2468 292 2542 pater
310 2461 359 2525 dat
379 2459 423 2523 illi
442 2460 618 2524 documenta
636 2479 644 2522 :
661 2475 729 2523 eum
751 2460 850 2539 puella
872 2458 967 2536 nubit,
991 2464 1087 2523 mater
1107 2459 1157 2523 dat
1171 2458 1215 2523 illi
1236 2460 1424 2537 documenta,
1441 2466 1472 2525 et

208 2574 365 2638 abeuntem
385 2572 525 2637 comitata
539 2572 576 2636 ad
592 2580 719 2652 portam,
742 2579 910 2637 commonet
924 2572 1008 2636 illum
1022 2571 1123 2636 dicens
1140 2591 1148 2635 r
1165 2588 1234 2637 eum
1249 2573 1419 2653 perveneris
1433 2575 1472 2638 ad

210 2695 290 2751 tuam
306 2687 438 2763 domum,
455 2685 545 2750 debes
560 2686 700 2762 reuereri,
718 2685 807 2750 debes
823 2684 875 2748 tibi
888 2685 1057 2768 invigilare,
1075 2689 1106 2749 et
1119 2701 1271 2765 uunquam
1286 2687 1471 2751 nontradieas

209 2800 325 2865 marito.
356 2800 397 2863 lle
418 2798 610 2879 obsequentia
634 2799 730 2862 lacere
754 2814 841 2862 suam
864 2814 1013 2875 normam,
1040 2797 1199 2863 mulierum
1220 2807 1267 2864 ost
1287 2800 1466 2864 institutum.

208 2913 377 2977 lnlralritare
399 2911 530 2977 universi
551 2914 681 2992 amplam
703 2912 803 2977 sedem
820 2908 876 2995 (7),
893 2911 1030 2975 insistere
1045 2910 1177 2975 universi
1192 2921 1273 2977 recto
1288 2914 1397 2977 throno
1412 2910 1468 2997 (8),

208 3027 252 3092 ire
267 3027 398 3091 universi
413 3040 554 3109 maguam
570 3026 648 3089 rium
666 3022 721 3110 (9),
736 3041 857 3105 compos
872 3025 946 3102 uoti,
962 3040 1031 3090 eum
1046 3025 1155 3104 populo
1169 3026 1308 3106 prosequi
1321 3025 1373 3090 illa
1390 3023 1468 3110 (10),

207 3418 240 3468 ut
248 3406 399 3483 jaculator,
412 3407 462 3482 qni
475 3426 492 3466 a
506 3407 632 3468 sinixtris
644 3426 704 3468 eone
716 3405 833 3479 solebat,
849 3407 937 3466 feram
950 3405 1101 3465 annornode
1114 3406 1284 3467 intenderet.

124 3606 129 3613 .
248 3512 294 3591 (2)
316 3520 342 3580 Α
355 3520 469 3599 sagittis
482 3540 540 3578 non
554 3521 660 3598 attingi
673 3520 767 3591 modo,
780 3520 831 3580 eod
843 3529 872 3580 et
888 3519 1022 3598 perforari
1036 3518 1193 3578 ooriaoeum
1207 3521 1285 3600 scopi
1296 3519 1470 3595 umbilioum,

207 3642 237 3694 et
249 3634 332 3712 periti
345 3643 376 3693 et
389 3633 496 3694 robusti
505 3630 673 3711 jaculatoris
689 3643 734 3693 eut
747 3633 890 3693 indicium.

249 3740 295 3815 (3)
314 3746 393 3820 Illos,
406 3746 511 3807 scilieet
525 3743 643 3823 regulos.

248 3851 297 3928 (4)
313 3860 387 3920 Erat
399 3860 424 3919 iu
436 3880 452 3921 e
466 3878 554 3937 regno
568 3856 635 3919 Wei
650 3838 701 3920 m.

249 3968 294 4041 (5)
314 3974 355 4033 Hi
370 3974 425 4034 dno
447 3982 516 4032 tune
537 3971 680 4051 temporie,
704 3972 860 4053 principum
884 3972 993 4052 palutio
1019 3972 1210 4052 frequentare,
1233 3994 1333 4038 eorum
1356 3974 1472 4053 palpare

208 4084 334 4164 ingenia,
348 4106 453 4164 eosque
467 4084 505 4145 ad
518 4083 656 4145 armare]
669 4105 767 4164 paoem
783 4087 902 4147 sumere
914 4086 1052 4148 uolebant.

250 4196 294 4269 (o
314 4199 421 4278 ugrum
433 4201 469 4260 u
486 4197 523 4258 n
536 4199 547 4259 r
562 4180 604 4264 n
618 4178 670 4264 fl.

249 4302 295 4381 (7)
315 4312 466 4374 Pietatem.

250 4416 295 4497 lo)
316 4424 472 4488 crinium.

249 4531 296 4611 (9)
315 4540 507 4618 AEquitatem.

249 4645 314 4724 (10)
335 4653 463 4715 Obtentu
475 4654 624 4734 dignitate,
637 4655 773 4737 populum
787 4653 872 4720 simul
884 4655 922 4720 od
931 4659 1076 4738 pietatem,
1090 4656 1260 4724 civilitatem
1269 4668 1299 4722 et
1309 4656 1474 4736 mquitatem

210 4786 386 4847 protutorem·⁸
1370 4801 1373 4805 ·
