3554 5642
558 492 654 537 carun
675 491 846 537 marum-
858 492 933 536 rana
952 492 1044 536 umor
1378 480 1436 540 ool

158 624 264 673 murue
284 613 437 687 patruum,
458 622 496 671 an
512 621 584 671 vero
604 621 776 671 reveremur
799 606 921 671 fratrem
943 606 1110 671 minorem?
1129 606 1184 671 Ille
1198 607 1334 673 dictums
1349 608 1433 674 crit:

156 736 337 788 veneramur
347 727 502 801 patruum.
522 720 606 785 Dices
619 740 626 783 :
640 721 666 784 si
678 721 769 785 irater
783 726 988 800 repraesentet
996 720 1168 785 defunctum
1180 718 1236 805 (l),
1250 728 1322 787 tunc
1333 730 1434 786 utrum

156 835 389 900 venerabimur?
405 835 461 899 llle
476 832 607 914 protecto
623 833 701 899 dicet
718 850 727 897 2
744 825 954 899 venerabimur
975 835 1109 899 fratrem.
1134 835 1180 898 Tu
1196 843 1295 915 petes;
1313 836 1363 900 ubi
1378 837 1436 901 erit

154 949 218 1030 jam
233 947 309 1013 illud
326 947 459 1013 revereri
479 953 640 1027 patmuml
662 948 717 1013 Ille
733 947 865 1027 proiecto
880 947 958 1011 dioet
976 967 983 1010 ε
1001 954 1127 1027 occupat
1145 949 1299 1032 diguitatis
1319 951 1429 1026 sedem,

156 1078 195 1128 eu
210 1076 313 1126 causa.
335 1062 383 1126 Tu
398 1061 489 1126 etiam
505 1061 586 1125 dices
603 1081 611 1124 ε
629 1067 755 1141 occupat
772 1060 927 1143 dignitatis
944 1061 1057 1138 sedem,
1073 1061 1140 1126 ideo
1154 1062 1198 1126 sic
1215 1083 1222 1125 :
1242 1079 1436 1144 perseverans

156 1176 326 1240 reverentia
346 1181 394 1240 ost
412 1174 444 1239 in
466 1175 558 1238 tratre
582 1175 705 1254 majore,
732 1181 942 1239 momentanea
965 1174 1130 1239 reverentia
1152 1182 1199 1239 est
1217 1177 1248 1239 in
1267 1176 1337 1259 pagi
1357 1177 1431 1240 viro.

156 1289 196 1354 lii
212 1296 259 1354 tse
273 1289 399 1353 audiens
414 1289 471 1354 hoc
484 1289 526 1353 ait
540 1308 547 1351 :
561 1304 630 1353 cum
646 1289 828 1353 reverendus
843 1294 979 1368 patruus,
997 1288 1084 1352 illum
1098 1304 1253 1367 revereor;
1270 1307 1340 1355 eum
1353 1305 1435 1355 reve·

157 1404 271 1467 roudus
293 1402 398 1479 irater,
421 1404 503 1467 bunc
524 1418 689 1468 revereor:
707 1418 781 1484 ergo
803 1417 907 1466 revera
929 1403 1037 1483 pendet
1058 1402 1096 1466 ab
1115 1404 1294 1481 extrinseco,
1319 1420 1379 1469 uon
1398 1403 1436 1467 ab

156 1516 332 1581 intrinseco.
356 1517 448 1599 lionq
462 1525 515 1580 tou
530 1523 577 1581 tse
591 1516 743 1595 respoudit
756 1536 764 1579 ε
778 1515 899 1580 hiemali
916 1516 975 1593 die,
998 1523 1070 1580 tunc
1084 1515 1152 1580 bibo
1167 1517 1306 1595 calidam,
1323 1517 1436 1583 aestivo

157 1630 206 1695 die
227 1645 312 1706 vero,
339 1625 408 1696 bibo
433 1630 573 1713 frigidam
592 1649 600 1693 ε
617 1629 643 1694 si
658 1630 712 1706 ita,
738 1645 813 1713 erqo
832 1636 920 1709 potus
935 1637 966 1694 et
980 1646 1051 1695 esus
1072 1630 1162 1695 etiam
1176 1638 1224 1694 est
1237 1633 1433 1696 extunsecus.

217 1743 249 1808 6.
272 1745 365 1826 Koug
380 1751 431 1810 tou
446 1750 492 1808 tse
506 1744 549 1808 ait
566 1764 573 1807 :
592 1744 657 1808 llao
677 1743 872 1824 philosophus
894 1744 1002 1808 assent
1023 1750 1161 1807 naturam
1183 1760 1238 1811 uec
1257 1744 1365 1809 bonam
1381 1760 1437 1809 uec

157 1859 272 1922 malam
287 1874 366 1922 esse.
389 1856 515 1930 Quidam
529 1858 634 1921 aiunt:
648 1863 755 1922 natura
770 1862 868 1937 potest
883 1856 947 1922 deri
961 1857 1047 1935 bona,
1068 1863 1166 1938 potest
1181 1858 1243 1922 heri
1257 1859 1353 1934 mala;
1369 1858 1436 1923 ideo

157 1973 251 2048 Weu,
269 1970 315 2035 0u
331 1977 539 2048 surrexerunt,
557 1977 588 2035 et
603 1973 731 2051 populus
745 1971 858 2035 amavit
871 1968 1002 2048 bonum;
1019 1972 1117 2047 Ycou,
1135 1971 1168 2035 hi
1183 1979 1388 2048 surrexerunt,
1406 1977 1437 2036 ct

157 2086 290 2165 populus
304 2085 417 2148 amarit
431 2085 649 2150 crudelitatem.
673 2082 731 2148 lilii
746 2084 849 2148 dicunt
866 2104 873 2147 :
892 2090 963 2148 sunt
977 2091 1092 2149 natura
1113 2084 1209 2162 bouae,
1226 2092 1297 2149 sunt
1311 2093 1436 2149 naturae

157 2200 264 2274 malae3
281 2199 348 2264 ideo
359 2204 479 2279 sumpto
489 2199 596 2263 Yaoin
607 2198 783 2278 principem,
800 2198 899 2262 adhuc
912 2198 1010 2263 extiti
1026 2198 1134 2280 Sianq;
1150 2199 1279 2264 illeliou
1290 2204 1437 2264 secuerat

157 2318 257 2392 pater,
275 2318 307 2377 et
322 2318 422 2376 tamen
443 2312 542 2376 extitit
561 2312 678 2387 dacem
695 2311 747 2377 ille
761 2312 883 2377 Tcheou
897 2317 963 2376 erat
978 2312 1079 2376 halus
1094 2311 1184 2390 fllius,
1200 2318 1231 2377 et
1245 2312 1306 2378 imo
1320 2327 1435 2377 assum·

158 2432 229 2505 ptus
239 2425 270 2488 iu
283 2425 457 2506 principem,
472 2432 502 2489 et
513 2433 614 2490 tamen
630 2426 733 2489 aderat
747 2426 815 2491 Wei
832 2432 877 2490 ise
892 2425 934 2500 li,
952 2425 1112 2508 regiusquc
1127 2425 1206 2490 tilius
1216 2426 1249 2490 Pi
1263 2426 1331 2491 lau.
1351 2427 1437 2492 Nunc

158 2538 204 2603 ais
219 2546 362 2603 naturam
377 2555 444 2603 esse
458 2539 567 2603 bonam
581 2559 588 2602 ε
602 2540 628 2603 si
643 2539 695 2616 ita,
713 2555 787 2621 ergo
801 2538 844 2603 illi
860 2555 965 2603 omues
979 2544 1101 2604 errant?
1121 2539 1265 2604 ilentsius
1278 2540 1320 2603 ait
1332 2559 1340 2602 :
1353 2539 1436 2619 atqui

158 2653 259 2732 quoad
274 2652 368 2732 ipsius
384 2652 578 2730 tendentium,
596 2659 642 2717 est
657 2668 728 2717 vero
743 2653 782 2716 ad
796 2652 963 2717 laciendum
978 2652 1089 2717 bouum
1102 2650 1157 2736 (lh
1176 2653 1303 2731 eoquod
1317 2654 1436 2733 appello

157 2766 271 2831 bonam
293 2781 369 2830 esse.
402 2763 486 2837 Ouod
501 2766 527 2829 si
541 2774 613 2849 agat
632 2767 756 2842 malum,
774 2782 833 2831 uon
849 2766 908 2830 en't
921 2765 1066 2829 naturalis
1089 2766 1239 2830 facultatis
1260 2766 1358 2845 culpa.
1381 2765 1434 2830 bli-

77 2906 80 2911 ·
158 2879 342 2944 sericordiae
365 2878 518 2957 allectum,
545 2880 682 2945 homines
706 2894 811 2944 omnes
834 2879 920 2943 illum
946 2879 1074 2955 habeut;
1091 2879 1213 2959 pudoris
1227 2885 1257 2943 et
1271 2879 1436 2944 aversionis

158 2992 316 3069 allectum,
334 2993 471 3056 homines
485 2994 686 3058 omnesillum
696 2992 822 3070 habeut;
840 2994 938 3057 cultus
947 3000 979 3057 et
990 2992 1162 3058 reverentiae
1176 2992 1322 3069 animum,
1339 2992 1435 3057 homi·-

158 3122 214 3171 nes
230 3122 338 3171 omnes
351 3107 438 3170 illum
453 3106 581 3183 habent;
598 3106 742 3188 pmbandi
762 3107 1008 3186 vituperandique
1022 3122 1155 3180 sensum,
1179 3106 1316 3170 homiues
1330 3122 1435 3172 omnes

158 3219 248 3283 illum
271 3219 393 3283 habeut.
423 3219 643 3285 Misericordiae
666 3219 791 3284 adactus
812 3226 859 3285 est
881 3220 1063 3295 humanitas,
1090 3219 1212 3299 pudoris
1226 3226 1256 3283 et
1270 3218 1435 3284 aversionis

159 3315 349 3399 allecius‘est
363 3333 499 3413 aequitas,
517 3334 617 3398 cultus
628 3339 660 3398 et
673 3333 847 3399 reverentiae
861 3333 980 3397 animus
994 3339 1041 3398 est
1055 3331 1198 3410 civilitas;
1214 3332 1435 3412 approbationis

158 3454 190 3511 et
204 3447 435 3526 vituperationis
455 3463 561 3511 sensus
576 3454 623 3512 est
637 3447 804 3527 prudentia.
827 3447 1015 3522 Humanitas,
1032 3446 1177 3526 aequitas,
1194 3446 1346 3524 honestas,
1364 3462 1433 3526 pru·

159 3560 275 3635 dentia,
295 3575 355 3625 nou
370 3559 408 3624 ab
423 3560 591 3626 extrinseco
611 3560 775 3626 informant
789 3575 860 3637 nos;
878 3576 933 3624 nos
948 3559 1124 3623 naturaliter
1146 3559 1331 3639 possidemus
1348 3548 1430 3634 illas;

159 3674 290 3738 sednon
307 3673 518 3753 perpendimus
534 3671 588 3758 (3).
617 3672 687 3739 ldeo
708 3674 816 3743 dicitur
833 3694 841 3735 :
860 3673 886 3736 si
901 3686 1039 3752 quaeras,
1063 3680 1135 3736 tuuc
1156 3672 1337 3737 nancisceris
1351 3672 1431 3749 illas3

160 3787 368 3866 sirelinquas,
396 3793 468 3850 tuuc
491 3787 611 3852 amittes
632 3787 710 3852 illas.
740 3786 799 3851 lilii
817 3786 855 3849 ab
871 3786 939 3850 aliis
959 3786 1062 3865 duplo,
1089 3786 1257 3866 quincuplo,
1282 3785 1433 3850 indefinite

159 3899 345 3979 discrepant,
363 3900 441 3979 quod
456 3916 517 3965 non
532 3910 657 3980 possunt
672 3901 792 3981 explere
810 3915 895 3963 suam
910 3901 1078 3963 naturalem
1100 3900 1283 3964 facultatem.
1306 3899 1433 3964 Carmen

162 4009 236 4095 (ill.
255 4009 328 4095 26.)
345 4014 412 4077 ait:
434 4014 562 4077 «coelum
577 4020 715 4094 procreat
733 4013 889 4077 universos
910 4012 1058 4089 homiues,
1083 4012 1232 4092 praeditos
1253 4012 1430 4087 substantia,

161 4126 315 4206 praeditos
336 4128 414 4210 lege,
440 4127 635 4207 hominesque
660 4127 811 4192 informati
836 4125 1014 4202 moralitate,
1041 4132 1144 4188 amant
1167 4126 1250 4190 illum
1275 4125 1432 4206 pulchram

202 4496 233 4572 (1
272 4500 304 4563 Si
318 4502 347 4562 iu
362 4502 556 4580 parentalibus
569 4502 691 4561 sustinet
707 4519 856 4580 personam
872 4496 961 4578 patria
975 4497 1021 4559 vel
1034 4500 1084 4560 avi
1095 4498 1232 4560 defuncti.

238 4492 252 4568 )

202 4609 250 4686 (2)
277 4595 314 4681 ἦ
328 4616 433 4676 relictio
446 4614 556 4687 octena
571 4615 688 4674 resumit
700 4633 797 4672 unum.

204 4719 250 4800 (3)
269 4725 374 4805 Recole
384 4730 466 4821 'illim
480 4709 523 4790 Ε
537 4744 628 4799 noum.

244 4859 266 4902 m
