3572 5650
352 481 391 542 76
847 500 945 544 uorsa
965 501 1114 542 amasus

351 628 509 707 septenario
536 626 706 687 emblemata
732 626 877 706 insignita,
904 626 1022 686 secundi
1048 626 1155 685 ordinis
1180 624 1287 700 infula,
1316 623 1458 703 manalis,
1486 644 1558 684 zoua
1583 631 1615 683 et

349 741 482 802 sandalia
504 749 537 799 ut
549 760 635 818 supra
651 742 862 817 :usurpabatur
884 740 915 799 in
928 740 1069 800 sacrificiis
1092 739 1240 812 maiorum,
1264 741 1310 816 qui
1324 758 1380 797 uon
1402 738 1515 799 linerent
1528 738 1616 816 impe-

351 864 460 916 ratores
483 827 545 923 (ib
563 833 634 926 7tl),
659 865 688 914 et
701 854 731 912 iu
747 875 853 931 magna
872 852 1057 929 jaculatione.
1078 855 1110 910 4⁰
1130 829 1186 915 ἃ)
1201 826 1253 917 (ἦ
1268 842 1364 916 t‘olwei
1379 854 1458 911 meu.
1482 852 1615 929 Quinque

351 969 533 1038 emblemata,
558 968 634 1026 tertii
648 968 754 1027 ordinis
766 968 862 1028 infulae
876 990 884 1026 ε
898 967 1088 1045 usurpabatur
1102 967 1131 1025 in
1146 967 1295 1041 sacrificiis,
1314 983 1379 1043 quse
1391 974 1513 1042 quattor
1524 966 1616 1042 regio·

351 1100 420 1142 num
443 1081 586 1141 montibus
609 1080 758 1157 fluviisque
782 1082 981 1141 offerebantur.
1000 1085 1030 1141 5ο
1051 1056 1104 1140 <ll
1122 1054 1174 1145 (ᾗ.
1191 1070 1259 1140 t‘ctc
1274 1083 1354 1139 mica.
1375 1078 1466 1137 'liius
1481 1079 1615 1156 insignia,

352 1196 445 1272 quinti
460 1194 565 1254 ordinis
588 1193 685 1253 iufirlae
699 1216 707 1253 ε
720 1197 784 1254 usui
802 1203 863 1255 erat
877 1213 941 1254 cum
965 1195 1117 1272 imperator
1134 1194 1256 1255 Telluris
1268 1204 1355 1273 atque
1368 1191 1498 1269 Frugum
1510 1191 1616 1270 spiriti·

352 1310 405 1370 bus
429 1285 492 1377 (bl
507 1285 568 1377 ff)
582 1320 611 1366 et
633 1309 759 1385 quinqua
785 1307 941 1370 Penatibus
965 1286 1029 1379 (ᾗ
1044 1286 1105 1378 lb)
1129 1308 1307 1387 operabatur.
1329 1312 1360 1366 6⁰
1382 1279 1507 1369 (ἙἙ
1534 1305 1616 1362 bium

352 1424 430 1480 mica
462 1421 547 1497 Toga
572 1422 655 1497 nigra
680 1419 809 1500 simplex,
836 1421 920 1482 lituus
943 1442 1001 1483 uno
1024 1421 1192 1482 emblemate
1218 1423 1380 1500 insignitus,
1407 1421 1483 1484 sexti
1509 1418 1615 1479 ordinis

352 1535 451 1595 infulsa
466 1535 676 1612 :usurpabatur
696 1536 726 1594 in
743 1534 881 1595 sacrificiis
904 1538 1045 1595 minorum
1070 1536 1219 1614 spirituum
1244 1514 1305 1605 (ᾖ
1323 1513 1394 1611 ils),
1420 1553 1476 1613 quo
1500 1532 1616 1592 uomina

353 1650 507 1709 veniebant
530 1647 617 1717 silva,
641 1646 729 1714 lacus.
754 1668 880 1725 aggeres,
903 1648 1029 1728 paludes,
1044 1647 1157 1725 aliaque
1180 1648 1350 1727 hujusmodi.
1370 1652 1401 1712 7⁰
1422 1622 1475 1708 «ᾗ
1491 1622 1548 1709 dl)
1566 1647 1619 1702 wei

349 1762 425 1840 pisa.
446 1760 524 1819 Loco
538 1761 627 1832 tiarae,
651 1760 783 1838 pelliceus
798 1760 887 1839 pileus
909 1762 1098 1833 deferebatur,
1122 1763 1171 1838 qui
1184 1782 1311 1839 gemmas
1335 1762 1460 1826 babebat
1474 1763 1504 1820 iu
1532 1762 1618 1819 iuter-

354 1875 449 1946 stitiis,
463 1873 557 1953 plures
567 1874 611 1934 vel
625 1876 779 1952 pauciores,
797 1894 848 1953 pro
862 1876 1014 1936 deferentis
1037 1875 1128 1952 gradu
1142 1898 1150 1934 ε
1165 1877 1326 1952 imperator,
1349 1878 1450 1955 reguli,
1474 1873 1617 1953 toparcha

354 1986 399 2047 bis
422 1988 580 2065 insignibus
601 1989 757 2047 utebantur
770 1989 799 2048 in
813 1990 896 2049 rebus
919 1988 1098 2058 militaribus,
1122 1997 1151 2049 et
1164 1998 1234 2048 tunc
1256 1988 1362 2049 tabella
1377 1967 1532 2061 (ἦπου
1556 2005 1618 2064 ges·

356 2100 480 2161 tabatur.
503 2104 532 2165 8¹3
554 2078 609 2160 cl}
622 2078 675 2163 di)
687 2089 732 2177 p‘i
742 2105 815 2178 pies.
837 2099 974 2163 Pelliceus
987 2101 1086 2179 pileus,
1099 2102 1248 2162 duodecim
1262 2106 1382 2180 gemmis
1395 2099 1618 2162 multicoloribus

354 2213 386 2272 in
409 2215 510 2291 quovis
535 2215 689 2275 interstitio
714 2226 884 2294 exornatus3
903 2216 1025 2296 simplex
1051 2223 1120 2295 toga
1146 2216 1231 2276 rubro
1254 2218 1291 2277 ud
1311 2217 1415 2276 collum
1438 2225 1468 2276 et
1491 2214 1618 2273 manicas

355 2326 452 2400 limbo,
468 2327 552 2386 limus
565 2329 662 2389 multis
674 2329 782 2390 sinibus
803 2329 970 2402 coalescens,
991 2328 1059 2389 alba
1069 2348 1146 2400 sona,
1160 2327 1227 2390 alba
1240 2329 1375 2407 genualia
1388 2303 1451 2400 (ᾗ
1463 2305 1538 2399 lg),
1552 2325 1618 2386 alba

355 2438 485 2500 sandalia
504 2440 625 2500 coeruleo
649 2452 740 2502 rostro
754 2442 879 2503 funimlc
903 2453 989 2522 atque
1011 2441 1109 2514 limb0,
1132 2440 1318 2503 albaeesona
1340 2443 1461 2522 pensiles
1474 2457 1618 2520 gemmte:

356 2554 545 2631 usurpabatur
558 2555 586 2612 iu
603 2556 714 2632 agendo
737 2558 876 2616 extimum
890 2556 935 2617 rel
948 2558 1066 2617 interius
1080 2555 1182 2627 iorum,
1197 2566 1227 2616 et
1240 2559 1271 2616 in
1284 2557 1424 2616 convivali
1433 2554 1616 2634 jaculatione

357 2669 388 2726 9⁰
413 2647 465 2728 <ff
481 2644 534 2728 dil'
549 2669 620 2725 lucan
628 2670 704 2745 pion.
726 2667 820 2729 Pileus
834 2668 947 2743 linteus,
971 2680 1041 2748 toga
1053 2692 1069 2730 e
1083 2669 1165 2746 nigra
1179 2669 1245 2743 tela,
1269 2672 1354 2730 rubro
1367 2670 1464 2743 limbo,
1486 2668 1572 2728 limus
1585 2673 1619 2725 ut

356 2799 451 2860 supra,
474 2781 541 2841 alba
561 2780 691 2841 sandalia
704 2804 712 2841 ε
726 2783 779 2842 hoc
794 2784 896 2843 uestitu
922 2785 1057 2845 utebatur
1080 2782 1274 2859 imperatorin
1289 2784 1450 2856 venatibus,
1466 2799 1565 2844 senum
1579 2780 1620 2837 ri·

356 2895 490 2954 citatione
508 2907 538 2953 et
550 2894 686 2954 familiari
694 2896 832 2969 convivio,
850 2894 941 2975 reguli
951 2896 1055 2957 veroin
1069 2894 1217 2956 itineribus
1231 2905 1260 2957 et
1272 2898 1384 2975 agendo
1398 2898 1468 2957 foro.
1491 2899 1539 2956 10ο
1565 2864 1619 2953 «ἶ

264 3046 270 3059 .
359 2986 413 3071 «Ἦ
429 3009 510 3068 uuor
523 3018 596 3068 toea.
616 3009 710 3086 Nigra
732 3018 800 3087 toga
823 3011 907 3071 rubro
920 3010 1016 3085 limbo,
1039 3010 1119 3087 niger
1134 3008 1232 3086 pileus,
1256 3012 1337 3087 niger
1359 3009 1452 3082 limus,
1476 3009 1560 3087 nigra
1572 3030 1620 3088 ge-

357 3122 463 3195 nualia,
477 3120 543 3181 alba
554 3143 632 3195 zoua,
646 3123 730 3201 nigra
743 3122 872 3183 sandalia
893 3125 978 3184 rubro
992 3130 1083 3183 rostro
1096 3121 1219 3181 funiurlo
1231 3132 1261 3182 et
1274 3125 1370 3197 limbo,
1389 3123 1462 3183 albae
1479 3142 1618 3200 gemmae:

357 3236 492 3295 utebatur
506 3220 660 3313 imperator
673 3237 702 3296 iu
716 3245 796 3297 casto
810 3246 839 3296 et
851 3237 882 3297 iu
896 3237 1035 3314 majorum
1052 3236 1202 3314 spirituum
1214 3237 1370 3313 sacrificiis,
1390 3238 1514 3313 itemque
1527 3236 1618 3314 reguli

358 3358 388 3409 et
401 3348 489 3408 ceteri
502 3350 532 3407 in
546 3359 633 3421 casto,
656 3358 687 3409 at
701 3350 862 3428 regulorum
885 3352 1010 3411 offendis
1029 3357 1090 3410 arat
1117 3348 1191 3407 rubri
1204 3349 1313 3422 coloris,
1338 3350 1528 3411 litteratorum
1553 3369 1620 3410 vero

361 3461 463 3522 viridis.
486 3464 534 3521 11ο
562 3437 676 3524 flii?
695 3465 746 3525 taio
755 3467 831 3541 pica.
850 3462 947 3524 Pileus
969 3473 1002 3524 ut
1025 3460 1146 3539 simplex
1170 3463 1252 3537 tiara,
1276 3464 1395 3543 simplex
1421 3463 1507 3523 vestis
1529 3482 1621 3524 :usus

359 3575 436 3634 idem
459 3577 540 3637 aede
562 3578 688 3653 comaceo
710 3575 784 3655 pileo
808 3579 915 3637 dictum
937 3586 988 3638 est.
1022 3577 1069 3637 12⁰
1094 3548 1146 3638 ff
1159 3555 1213 3638 W>
1225 3597 1278 3653 pen
1293 3581 1357 3650 fou.
1387 3575 1483 3637 Pileus
1505 3576 1619 3649 linteus,

359 3690 443 3767 nigra
457 3691 542 3749 vestis
556 3690 642 3750 rubro
658 3689 755 3762 limbo,
780 3690 860 3750 albus
872 3691 965 3765 limus,
988 3691 1054 3750 alba
1067 3690 1210 3769 genualia,
1235 3691 1301 3750 alba
1313 3708 1394 3763 sona,
1410 3688 1477 3750 alba
1490 3690 1621 3750 sandalia

360 3802 479 3862 caruleo
495 3814 586 3863 rostro
600 3804 725 3864 funiculo
739 3813 769 3862 et
783 3805 880 3877 limbo,
903 3806 1024 3883 pensiles
1047 3824 1167 3883 gemma
1187 3804 1264 3881 nigri
1284 3803 1384 3865 coloris
1399 3826 1407 3862 ε
1420 3812 1483 3863 erut
1502 3803 1622 3883 impera·

361 3918 430 3976 toris
443 3916 598 3976 convivalis
612 3918 705 3991 restis,
729 3925 758 3977 et
770 3918 960 3996 usurpabatur
974 3917 1109 3996 sregulis
1123 3918 1154 3976 in
1168 3918 1229 3977 foro
1248 3918 1367 3996 agendo.

400 4030 422 4090 J
424 4050 471 4089 sm
485 4032 561 4107 quod
574 4031 612 4089 ad
625 4041 794 4108 magnatum
816 4032 950 4091 vestitum
962 4040 1081 4110 spectat,
1107 4036 1137 4090 1⁰
1159 4028 1271 4092 Summi
1286 4031 1432 4110 principes,
1455 4050 1520 4090 cum
1534 4032 1622 4108 impe-

361 4152 485 4204 ratorem
500 4144 662 4216 visitabant,
678 4144 722 4203 vel
735 4141 938 4204 sacrificantem
956 4146 1140 4225 adjuvabant,
1161 4143 1290 4204 trabeam
1302 4153 1332 4204 et
1346 4144 1450 4204 infulas
1463 4144 1621 4204 induebant

362 4238 422 4330 (Ξ
439 4234 510 4331 ἢ),
531 4258 587 4317 nisi
599 4257 672 4334 quod
687 4257 797 4317 abesset
818 4259 972 4319 ascendens
992 4259 1086 4330 draco,
1100 4266 1129 4316 et
1144 4256 1240 4316 infula
1253 4276 1356 4316 novam
1369 4266 1470 4316 oesent
1492 4260 1525 4316 20
1544 4258 1622 4316 Mar·

361 4372 477 4432 chiones
490 4379 521 4431 st
536 4371 663 4431 Comites
685 4371 779 4431 induti
803 4370 958 4449 phasianas
980 4381 1058 4431 vesta
1072 4344 1133 4440 iffi
1150 4346 1212 4436 ss)
1225 4370 1399 4447 adjuvabant
1420 4370 1623 4448 imperatorem
1712 4438 1715 4443 ,

362 4485 525 4562 majoribus,
548 4486 668 4560 quinon
687 4493 851 4562 regnarunt,
873 4485 1077 4544 sacrificantem
1093 4507 1100 4544 :
1114 4482 1210 4543 infulae
1223 4483 1338 4542 oecuudi
1361 4484 1476 4543 ordinis.
1496 4486 1529 4543 3⁰
1550 4482 1624 4544 Tres
1682 4534 1685 4539 .

364 4598 526 4659 Summatas
538 4596 696 4656 induebant
716 4599 842 4675 quinque
865 4597 1068 4658 emblematum
1090 4598 1214 4674 iusignia
1228 4573 1288 4663 (ᾗ
1307 4570 1369 4661 ἦ)
1382 4603 1412 4655 et
1425 4597 1502 4655 tertii
1514 4597 1623 4656 ordinis

362 4710 472 4771 iutirlas.
493 4714 526 4771 4Ο
547 4708 709 4770 Vicscomcs
728 4720 757 4770 ct
772 4710 848 4771 Baro
876 4711 1042 4789 adjuvantes
1067 4711 1208 4771 montibus
1235 4710 1382 4788 fluviisque
1408 4709 1623 4785 sacrificantem,
