3574 5666
553 496 643 540 uuna
664 495 857 540 marmania
876 497 1065 541 nccuanaaio
1382 480 1440 541 117

174 608 221 676 lli
246 609 365 676 dolebat
387 607 477 675 serici
500 608 661 673 tincturam
683 605 739 693 (l),
767 607 894 673 Carmen
917 605 1053 693 (odai)
1076 611 1178 674 laudat
1200 624 1349 693 agnorum
1371 624 1443 675 can·

171 727 286 791 dorem.
309 723 519 803 suspiciuntur
532 727 619 804 gesta
635 721 781 786 duntaxat
802 722 963 802 sapientis;
987 723 1086 788 sciens
1098 723 1232 807 cogitare
1246 723 1279 788 llt
1292 730 1441 789 sanctus:

172 854 242 902 nam
256 838 367 902 matuta
381 836 516 912 lundata,
539 834 619 900 lama
632 835 764 917 exurgit,
781 840 812 900 ct
825 851 953 915 persona
966 837 1142 916 composita,
1158 838 1295 917 exempla
1308 837 1442 920 dirigun-

173 959 233 1015 tur.
253 952 355 1017 Vacua
367 949 456 1015 ralis
468 955 616 1031 propagat
628 964 730 1026 sonos,
754 949 871 1014 deserta
885 950 954 1013 aula
968 951 1075 1030 repetit
1088 950 1291 1015 auditionem:
1308 949 1352 1014 sic
1365 950 1443 1019 cala·

173 1064 262 1130 urias
274 1080 312 1128 cx
325 1061 398 1127 mali
411 1062 563 1145 congerie,
579 1067 610 1127 ct
623 1061 805 1143 prosperitas
820 1063 858 1128 ob
872 1062 943 1129 boni
954 1062 1087 1129 laudem.
1114 1063 1232 1131 Podalia
1256 1069 1369 1129 tessera
1384 1078 1444 1131 non

184 1176 388 1255 aestimanda3
404 1176 554 1241 modicum
568 1183 697 1259 tempus,
713 1177 772 1241 hoc
784 1176 947 1242 contendas
963 1173 1019 1262 (2).

213 1290 245 1356 2.
266 1290 397 1373 liniacus
409 1289 448 1354 ad
460 1296 577 1369 patrem
590 1288 702 1354 inservi
713 1289 839 1372 principi
854 1286 911 1375 (3),
926 1291 1041 1356 scilicet
1053 1291 1188 1372 impense
1202 1296 1293 1370 atque
1306 1306 1444 1357 reveren·

174 1411 244 1469 ter:
261 1403 356 1486 pictas
365 1402 621 1469 debetexhanrire
630 1401 722 1481 vires,
736 1403 862 1469 lidelitas
871 1410 972 1468 autem
984 1405 1163 1484 profundere
1176 1403 1281 1467 vitam
1299 1403 1346 1468 Sis
1359 1403 1446 1484 quasi

172 1517 414 1599 appropinquans
426 1516 567 1599 abyssum
578 1522 608 1581 et
618 1516 738 1581 calcans
752 1522 872 1582 tenuem
886 1517 1026 1599 glaciem,
1042 1517 1174 1582 ddnculo
1187 1532 1308 1600 surgas,
1323 1524 1355 1583 ct
1367 1518 1445 1583 cale·

172 1630 265 1696 iacias
277 1630 326 1695 sel
339 1628 501 1712 refrigeres
515 1625 558 1713 (ll
576 1647 585 1693 ε
605 1635 676 1694 tunc
690 1628 768 1693 sicm
780 1630 974 1711 epidendrum
988 1630 1032 1696 sic
1045 1631 1167 1696 odorem
1181 1630 1311 1707 emittas,
1326 1630 1446 1711 erisque

171 1744 250 1808 siem
262 1742 351 1823 pinus
365 1741 477 1820 virens,
493 1749 524 1808 et
537 1741 620 1807 rivus
634 1741 729 1808 fluens
743 1742 807 1807 sine
820 1743 1051 1822 intermissione,
1074 1752 1275 1827 stagnumque
1288 1743 1445 1825 limpidum

173 1856 320 1937 recipiens
333 1854 460 1923 reflexas
471 1855 631 1938 imagines.
656 1857 766 1921 Vultus
778 1856 898 1921 habitus
911 1856 1022 1922 relorat
1034 1858 1279 1941 cogitabundum,
1297 1857 1446 1923 sermonis

171 1969 264 2035 aeria
277 1970 338 2035 siut
351 1975 456 2051 pacata
470 1976 501 2035 et
513 1969 618 2034 solida.
644 1969 772 2036 Fortiter
785 1969 914 2035 exordiri
935 1985 1005 2035 rere
1024 1972 1196 2051 pulchrum,
1219 1971 1372 2036 attendere
1393 1970 1445 2034 lini

172 2083 260 2148 dccet
280 2081 407 2147 landari.
423 2116 467 2132 -
481 2082 640 2166 Splendida
657 2082 759 2147 munia
773 2082 804 2147 in
818 2084 876 2148 noo
888 2082 1058 2148 innituntur
1072 2080 1114 2168 (5)
1127 2102 1135 2161 ;
1152 2083 1350 2149 celebraberis
1364 2084 1444 2149 enim

171 2210 364 2277 summopere
377 2195 442 2263 sine
455 2196 562 2263 limite.
587 2194 627 2259 nt
640 2195 805 2261 omditione
818 2197 995 2275 excellente,
1010 2198 1154 2264 mmndas
1167 2197 1206 2260 ad
1220 2198 1442 2283 magistratum,

171 2317 203 2378 ct
214 2325 343 2390 occupes
356 2308 459 2375 munia
473 2313 504 2376 et
517 2308 676 2390 participes
688 2309 958 2387 administratioui3
974 2310 1142 2376 mirabitur
1155 2310 1207 2375 illa
1217 2311 1313 2375 dutlcis
1323 2311 1442 2387 mrbus,

170 2429 202 2490 et
227 2423 362 2504 dilapsos
389 2423 480 2487 ctiam
508 2421 606 2507 magis
627 2420 825 2489 celebrationis
841 2419 897 2507 (6).
913 2456 959 2472 ·-
972 2423 1084 2489 Musica
1106 2422 1264 2507 distinguit
1286 2423 1400 2491 nobiles
1414 2430 1445 2488 et

208 2776 258 2853 (1)
278 2783 327 2845 Md
340 2785 366 2845 ti
385 2758 430 2848 fl
450 2782 582 2865 plorabat
600 2784 731 2865 cogimus
742 2785 862 2845 sericum
875 2785 1025 2848 flavescere
1039 2784 1084 2846 rel
1098 2787 1255 2867 nigrescere
1271 2784 1359 2865 juxta
1372 2786 1444 2848 tinc-

171 2906 277 2970 turam,
300 2898 425 2977 adeoque
437 2897 547 2959 homini
558 2897 627 2976 quid
637 2893 731 2959 aiu'rile
743 2897 910 2958 cavendum.

208 3000 259 3083 (2)
281 3009 408 3091 Tempus
420 3018 513 3090 urget,
525 3009 667 3073 contende
680 3011 766 3087 Igitur
779 3011 905 3088 quinque
918 3010 997 3088 leger
1010 3011 1149 3075 excolere.

207 3113 256 3197 (s)
276 3123 374 3185 Juxta
394 3123 511 3185 modam
530 3141 588 3203 quo
601 3124 719 3185 anana
743 3125 828 3202 paor,
851 3123 986 3184 nentes
999 3124 1126 3204 principi.
1150 3098 1247 3190 Rau
1260 3125 1345 3186 nuci
1359 3133 1442 3205 pana

166 3246 314 3315 tanquam
327 3238 423 3299 medio
434 3236 540 3301 aoieudi
553 3236 679 3310 modum,
692 3255 748 3314 quo
759 3236 917 3298 honoratur
930 3237 1067 3317 princeps.

205 3340 255 3422 (4)
280 3349 440 3413 calefacies
452 3348 555 3424 hiemo,
568 3348 713 3429 refrigeres
727 3357 836 3425 aetate,
846 3348 935 3429 juxta
953 3349 1119 3413 Memoriale
1132 3353 1246 3426 rituum,
1259 3352 1334 3413 siout
1346 3360 1443 3413 cetera

161 3463 253 3543 jum
270 3460 376 3524 lurum
391 3460 559 3526 caminum
571 3470 602 3525 et
614 3459 736 3523 Pietatis
748 3461 850 3525 dlialia.

204 3566 254 3648 (5)
281 3572 393 3639 Ρὶοωω
405 3574 688 3656 mtioetffliadzpoet
701 3575 1014 3655 offiomffliiagltnrdo
1027 3576 1255 3639 offldissubnici.

203 3683 253 3763 (d)
280 3686 404 3752 Carmen
418 3688 529 3767 egilde
542 3688 624 3751 Chao
639 3690 720 3751 Duce
734 3670 772 3754 Β
789 3669 839 3764 ὦ,
852 3689 903 3767 qui
915 3688 969 3750 sub
982 3690 1065 3751 sorbo
1078 3692 1264 3769 requieverat,
1278 3710 1363 3771 quam
1376 3692 1442 3753 ideo

162 3802 294 3884 populus
308 3802 423 3863 virtutis
434 3820 543 3862 memor
557 3802 675 3867 nolebat
687 3804 825 3864 excidere.

176 4129 250 4238 ff
264 4154 361 4231 Kana,
375 4156 468 4236 reipsa
482 4176 491 4216 a
504 4156 631 4219 mudena
821 4126 894 4346 (ξ
917 4144 1026 4233 Pane,
1044 4158 1155 4221 mrbus.

158 4244 231 4357 (st
266 4268 369 4344 Yiron,
378 4267 790 4350 superabundansa'cxoelleua.
895 4243 1343 4349 ’K‘m,ire.‘{2-,1tem0vuo.

159 4365 233 4470 ὅ
262 4380 367 4460 Tana,
380 4384 764 4449 mimatensem
822 4358 893 4582 (ᾗ
921 4372 1049 4459 T‘caoo,
1068 4386 1181 4451 differre
1194 4405 1203 4447 a
1216 4385 1348 4451 occidero

172 4471 246 4592 ff,
266 4495 789 4580 capraemuetptuamumere.
896 4479 1024 4573 {Tanna
1039 4498 1108 4561 vilia

265 4586 340 4701 ᾖ,
355 4611 547 4690 napique
821 4584 891 4698 (ᾗ
921 4609 1157 4685 mammona

448 4723 455 4737 ·
720 4802 725 4813 .
822 4702 892 4813 ‹ss
921 4722 985 4799 1³21,
999 4724 1072 4798 vam
1086 4723 1211 4787 namna
