3574 5664
578 442 674 488 meur
692 442 825 496 oomruu
837 456 879 471 -
890 441 966 484 raros
985 441 1145 487 eosrsmos
1432 426 1492 488 279

216 553 305 620 auxie
319 556 553 621 venerabundus
566 564 642 633 erat,
659 564 773 622 etcum
788 556 874 639 gravi
889 556 997 621 decoro
1015 553 1068 641 (1).

275 670 307 733 3.
330 668 363 733 Si
385 669 525 751 princeps
538 670 682 736 accersito
696 670 856 734 mandabat
870 670 1004 751 hospites
1017 670 1165 750 excipere,
1183 671 1265 736 coior
1285 672 1394 735 motari
1409 672 1491 738 vide·

218 781 317 860 batur,
335 783 486 863 pedesque
500 790 586 849 erant
599 783 691 848 veluti
705 783 847 862 impediti.
878 782 1058 848 Obsaiutans
1078 782 1255 864 quibuscum
1275 784 1385 861 stabat,
1403 786 1492 850 sinis·

220 896 319 960 trahat
337 897 532 962 destrahatre
554 912 672 973 manus,
694 896 828 961 restibus
846 903 916 961 ante
936 901 966 960 et
982 903 1062 961 retro
1084 898 1247 976 composito
1269 899 1356 962 modo
1374 917 1382 961 ε
1400 899 1493 965 citato

220 1010 316 1092 gradu
332 1009 550 1089 introducebat,
568 1011 632 1075 aias
647 1010 803 1091 pandentis
816 1010 930 1085 instar;
948 1010 1065 1090 hospite
1078 1010 1218 1087 abeunte,
1240 1028 1300 1077 non
1315 1013 1493 1091 pretermit-

221 1123 302 1188 tebat
317 1123 441 1190 reddere
457 1124 614 1201 rationem,
631 1123 733 1190 dicem
750 1143 758 1188 ε
776 1124 886 1203 hospes
898 1124 961 1203 jam
975 1140 1036 1189 uon
1051 1123 1142 1190 vertit
1155 1130 1245 1203 eaput
1261 1122 1315 1209 (t).

280 1238 310 1303 t.
334 1236 562 1320 ingrediebatur
576 1236 718 1318 principis
737 1244 865 1317 portam,
887 1237 1030 1303 inclinato
1049 1252 1185 1317 corpore,
1207 1239 1357 1303 aesimon
1372 1255 1493 1318 capere·

221 1357 293 1428 tur;
309 1358 393 1416 stans
408 1367 468 1415 non
485 1351 605 1415 tenebat
623 1351 754 1416 medium
776 1357 880 1430 porte,
903 1350 1044 1416 incedens
1063 1368 1123 1416 non
1144 1350 1277 1417 calcabat
1296 1352 1398 1417 iimen.
1421 1353 1493 1419 Per·

221 1465 371 1530 transiens
395 1464 510 1546 regiam
536 1464 650 1541 sedem,
679 1466 778 1530 coiore
799 1466 881 1551 velut
907 1463 1090 1541 mutabatur,
1115 1462 1204 1544 pedes
1223 1466 1306 1530 velut
1326 1466 1491 1545 herebant,

221 1577 346 1658 eiusque
363 1577 455 1642 rerba
477 1577 652 1642 videbantur
667 1593 727 1642 non
742 1576 885 1643 sufficere.
911 1578 1040 1643 Elevans
1059 1577 1150 1642 vestis
1169 1577 1294 1643 hmhum
1313 1580 1494 1644 ascendebat

220 1692 334 1768 auiam,
350 1691 651 1771 mchnmdoeorpus,
664 1690 868 1773 retinebatqne
883 1692 1011 1755 halitum
1021 1691 1176 1771 quasinon
1187 1693 1358 1772 respiraret.
1383 1694 1493 1775 Egres-

221 1821 286 1882 sus,
303 1821 371 1870 cum
385 1805 587 1869 descendisset
600 1820 660 1869 uno
675 1804 783 1888 gradu
800 1805 970 1870 remittebat
985 1806 1086 1870 vuitus
1099 1805 1243 1881 colorem,
1261 1807 1388 1886 iaetoque
1403 1806 1493 1871 debat

222 1933 276 1983 ore
297 1939 305 1983 z
327 1919 365 1982 ad
386 1923 554 1983 extremum
576 1918 737 1995 scalarum,
762 1934 901 2001 gressum
926 1917 1104 1996 concitabat,
1126 1918 1191 1982 alas
1205 1919 1361 1999 pandentis
1382 1920 1490 1998 instar,

222 2038 255 2096 et
269 2038 406 2112 repetens
421 2046 507 2095 suam
522 2032 623 2096 sedem
637 2033 736 2096 adhuc
749 2030 978 2096 venerabundus
992 2039 1058 2097 erat
1074 2029 1130 2116 (3).

281 2147 311 2211 5.
340 2146 459 2211 Tenens
484 2151 634 2224 sceptrum
658 2145 800 2211 inclinato
824 2151 889 2211 erat
908 2160 1044 2226 corpore,
1072 2145 1157 2226 quasi
1182 2146 1355 2212 sustinendo
1378 2147 1490 2229 impar,

225 2503 268 2593 ff
288 2526 407 2586 dimidio
433 2526 491 2587 fere
514 2527 669 2604 pauciores,
696 2547 745 2587 sen
773 2528 907 2605 quinque,
935 2524 980 2587 vei
1002 2534 1134 2604 quatuor,
1157 2525 1289 2598 veltres,
1312 2547 1361 2607 pro
1383 2529 1491 2606 gradm

224 2640 370 2700 varietate.
392 2639 505 2718 Hospes
523 2640 641 2699 sistebat
656 2640 694 2699 ed
715 2642 899 2713 occidentem,
921 2648 1004 2700 extra
1025 2640 1146 2717 primam
1169 2648 1278 2718 portem
1301 2642 1490 2717 septentrioni

223 2753 364 2826 obversus,
377 2753 509 2812 dominus
520 2772 586 2813 vero
597 2753 781 2813 adorientem
795 2762 895 2812 eontra
906 2753 1062 2825 meridiem,
1076 2753 1223 2829 utriusque
1238 2753 1413 2813 administris
1423 2752 1491 2814 hino

223 2866 291 2926 inde
304 2876 368 2944 post
381 2867 467 2945 ipsos,
480 2865 577 2925 debito
590 2866 740 2926 intervallo
753 2866 904 2944 dispositis,
918 2875 948 2924 ut
962 2867 1052 2944 figura
1064 2874 1249 2942 representat
1262 2889 1270 2925 ε
1284 2873 1354 2925 tnnc
1370 2867 1491 2926 mauda-

224 2986 256 3037 ta
269 2979 311 3037 its
324 2979 399 3039 inter
410 2998 442 3037 se
454 2978 647 3053 conferebant,
666 2987 700 3038 ut
714 3000 732 3038 a
744 2979 860 3039 domiuo
873 2978 911 3037 ad
924 2979 1046 3054 primum
1059 2978 1268 3038 intemmrtiom
1284 2957 1323 3038 ,Ιζ
1341 2955 1400 3053 ᾗ,
1421 2978 1490 3039 hino

224 3091 264 3151 ad
275 3091 400 3151 medium
417 3069 459 3156 ff(
473 3067 532 3163 fl,
554 3092 620 3152 inde
634 3093 671 3151 ad
684 3093 902 3170 subsequentem
919 3067 959 3152 ἦ
975 3068 1035 3166 fl,
1057 3099 1087 3151 et
1099 3108 1186 3170 usque
1201 3092 1237 3151 ed
1252 3091 1393 3166 ultimum,
1407 3100 1437 3152 et
1450 3091 1489 3152 ab

224 3203 325 3264 ultimo
339 3203 457 3283 hospitis
480 3204 647 3264 administro
669 3206 811 3283 gradatim
825 3222 915 3281 usque
928 3204 965 3265 ad
979 3205 1107 3283 primum,
1123 3213 1153 3264 et
1166 3222 1253 3279 usque
1267 3205 1410 3283 adipsum
1423 3204 1490 3264 hos·

225 3318 315 3398 pitem
335 3317 519 3379 deferrentur.
542 3315 696 3379 Confucius
709 3318 833 3378 medium
846 3325 914 3377 tunc
926 3318 1031 3395 agebat
1043 3314 1055 3388 (
1066 3291 1108 3378 ᾗ
1120 3293 1192 3390 ἃ),
1206 3317 1331 3394 adeoque
1343 3318 1488 3397 excipiens

225 3438 278 3490 sut
295 3432 490 3491 transmittens
510 3432 657 3506 mandata,
678 3433 868 3492 sinistrorsum
888 3440 940 3491 aut
960 3430 1139 3491 dextrorsum
1161 3431 1328 3491 obvertebat
1348 3430 1488 3504 humeros,

223 3540 334 3619 reliquo
347 3563 461 3621 corpore
473 3544 603 3616 immoto,
618 3545 744 3622 adeoque
759 3545 883 3605 restibus
897 3564 977 3622 reque
990 3552 1059 3604 anta
1072 3553 1204 3620 retroque
1218 3545 1391 3621 compositis.

266 3647 311 3726 (3)
331 3655 470 3734 Principis
492 3665 575 3736 porta
587 3666 649 3717 erat
663 3656 786 3731 salvata,
809 3658 955 3737 salsaeque
972 3656 1099 3736 postibus
1117 3634 1159 3717 ist
1174 3656 1276 3728 affixe,
1295 3655 1489 3734 jungebantur

224 3769 320 3829 medio
340 3770 433 3848 stipiti
455 3744 521 3835 ωε
542 3771 675 3831 dextirue
698 3779 813 3831 tantum
836 3769 927 3831 valve
947 3778 1045 3849 patere
1065 3769 1205 3842 solebant,
1235 3770 1418 3848 princepsque
1439 3788 1489 3830 aas

225 3883 435 3960 transgrediens
455 3884 578 3946 medium
592 3884 669 3944 inter
685 3892 778 3962 postes
791 3891 822 3942 et
834 3884 961 3961 stipitem
981 3884 1100 3956 terebat,
1114 3884 1299 3960 magistratus
1316 3902 1383 3943 rero
1394 3883 1490 3961 ingre·

224 3994 335 4056 dientes
347 3996 489 4057 radebant
509 4005 628 4075 postem,
650 3997 827 4075 egredientes
839 3997 980 4057 radebant
991 3996 1127 4075 stipitem.
1158 3994 1236 4056 Pone
1253 4004 1374 4073 portam,
1395 3993 1487 4075 reguli

224 4106 370 4169 hebebant
390 4109 557 4188 diathyrum
573 4086 631 4182 ᾗ,
651 4111 799 4189 spatioque
816 4109 890 4169 iuter
911 4109 1003 4187 ipsum
1020 4117 1050 4169 et
1063 4117 1175 4187 portam
1197 4107 1354 4186 interiecto,
1377 4116 1488 4170 stantes

225 4218 380 4300 aliquando
389 4223 515 4301 agebant
528 4222 630 4296 forum,
640 4243 659 4282 a
668 4223 806 4302 regimine
815 4220 990 4301 appellatum
1003 4200 1043 4289 ffi
1059 4197 1197 4288 fflrhinc
1207 4222 1398 4299 pertransiens
1410 4220 1488 4283 Oon·

224 4333 322 4406 focius,
335 4337 404 4399 licet
418 4355 510 4397 vacua
522 4346 596 4397 esset
609 4336 743 4416 principis
755 4336 843 4410 sedes,
857 4337 1055 4397 venerabatur.
1082 4332 1152 4396 Post
1164 4332 1329 4412 diathyrum
1343 4334 1488 4396 eminebat

224 4448 299 4524 aula,
313 4470 370 4529 qua
383 4450 474 4510 forum
486 4450 631 4510 intumum
652 4424 688 4509 Vq
705 4422 747 4513 ᾖ
759 4449 908 4528 agebatur,
921 4449 1058 4510 ministris
1070 4448 1139 4509 hinc
1149 4449 1217 4510 iude
1230 4447 1284 4509 snb
1295 4447 1387 4522 scalis,
1400 4455 1487 4527 prout

223 4561 309 4625 babet
329 4565 430 4644 figura,
453 4561 618 4642 dispositis=
637 4561 715 4623 bans
735 4560 831 4623 aulam
856 4559 1009 4625 &mincius
1031 4562 1248 4624 venerabundus
1266 4561 1485 4640 ingrediebatur,

221 4696 410 4759 vasaque
422 4677 494 4738 item
506 4694 588 4738 suam
601 4675 698 4737 sedem
710 4676 866 4757 repetebat

296 4787 322 4856 1'1
1369 4790 1408 4849 36
