3574 5664
565 474 660 520 orror
679 474 814 526 aurarum
825 490 867 505 -
878 475 953 518 raes
972 475 1061 519 raros
1387 456 1447 520 als

235 589 289 654 14.
312 590 515 670 Philosophus
524 588 698 672 aitzegoex
706 588 774 653 Wei
785 588 895 653 rediiin
904 588 978 665 Lon,
988 588 1143 654 etnonnisi
1151 595 1222 654 tunc
1230 587 1343 653 musica
1354 587 1446 654 relor·

176 710 270 779 mata,
288 708 378 783 alque
394 703 555 767 mmmm
568 711 599 768 et
612 702 781 767 Praoottiu
796 703 916 785 singula
930 702 1122 767 obtinuerunt
1137 718 1223 765 suam
1238 702 1366 767 sormam
1387 697 1443 784 (1).

236 818 289 881 15.
313 816 516 896 Philosophus
525 817 586 881 ait:
600 816 672 881 loris
683 816 802 896 quidem
818 816 931 880 servire
945 815 1143 880 summatibus
1153 821 1183 880 et
1192 815 1349 891 ministris,
1366 811 1448 878 domi

175 944 248 994 tero
273 930 389 994 servire
415 930 492 1010 patri
507 939 535 995 et
551 930 692 994 iratribus
716 929 894 1007 majorinum
921 929 952 993 in
974 928 1096 993 funerea
1117 944 1150 993 re
1171 945 1231 993 non
1253 929 1364 993 audere
1387 941 1447 992 non

176 1042 266 1118 eniti;
284 1057 344 1108 non
362 1042 427 1107 lieri
442 1043 512 1107 rino
526 1043 667 1120 ohrutus3
684 1043 742 1106 ista
757 1043 808 1122 qul
822 1042 954 1108 existunt
969 1041 1000 1105 in
1016 1048 1084 1106 mel

235 1156 290 1220 16.
313 1156 514 1236 Philosophus
537 1155 704 1221 consistens
729 1155 873 1221 lluentum
895 1154 992 1235 iuxta,
1013 1155 1056 1219 ait
1074 1175 1081 1219 :
1100 1160 1290 1221 transeuntes
1303 1155 1362 1219 ital
1386 1170 1448 1219 non

176 1267 602 1354 mmmmm&

234 1384 288 1447 l'l.
313 1382 515 1462 Philosophus
528 1380 571 1446 ait
587 1402 595 1447 ε
612 1397 671 1465 ego
684 1381 818 1447 nondum
838 1381 910 1460 ridi,
928 1381 980 1463 qui
998 1389 1079 1447 amet
1102 1381 1243 1447 virtutem
1268 1380 1347 1446 sicot
1367 1386 1450 1446 amat

177 1496 337 1576 pulchram
353 1496 494 1575 speciem.

235 1593 1448 1692 lfflmfflmwfflmfflmmmmwmmw

177 1722 338 1788 lectionem
353 1738 412 1785 una
428 1728 544 1787 tantum
560 1723 693 1799 corhula,
710 1723 792 1799 sisto,
808 1738 865 1806 ego
875 1723 949 1788 sisto
962 1743 969 1785 :
983 1722 1022 1787 sit
1031 1724 1160 1802 exempli
1174 1722 1271 1805 gratia
1286 1723 1375 1803 plana
1389 1727 1448 1787 ter·

177 1851 226 1913 ra;
239 1837 311 1901 licet
321 1835 544 1915 superdederim
555 1837 604 1900 vin
614 1852 705 1899 unam
720 1836 884 1911 coibulam,
897 1836 923 1899 si
933 1836 1119 1919 progredior,
1131 1852 1189 1918 ego
1199 1835 1374 1919 progredior
1390 1833 1400 1920 l
1422 1832 1446 1920 ).

235 1948 1421 2032 mmmmmfflmmmwmwmmmml

235 2061 1451 2146 mmmmmfflmmwwmdmwmmffl

177 2175 262 2239 illum
278 2176 433 2258 progredi,
450 2177 583 2241 nondum
597 2176 657 2240 ridi
671 2176 758 2239 illum
773 2176 887 2240 sistere.

235 2289 288 2354 21.
314 2290 514 2370 Philosophus
529 2290 570 2353 ait
582 2310 590 2353 ι
604 2290 777 2372 germinans
791 2291 869 2371 quod
881 2305 940 2356 non
954 2290 1101 2368 florescat,
1114 2290 1154 2354 oh
1164 2289 1267 2354 datur!
1291 2289 1451 2357 florescens

180 2404 256 2482 quod
271 2419 334 2467 non
351 2402 519 2479 fructificet,
536 2404 624 2468 datur
639 2404 714 2466 heul

235 2516 289 2580 22.
313 2515 514 2596 Philosophus
529 2517 571 2580 ait
587 2533 595 2580 ε
613 2516 743 2580 Minores
765 2522 837 2580 natu
858 2523 929 2580 sunt
950 2516 1087 2595 verendi;
1114 2518 1165 2597 qul
1185 2516 1265 2582 enim
1284 2516 1361 2582 scies
1382 2516 1451 2583 illos

181 2628 294 2695 loturos
310 2631 413 2693 minus
427 2644 517 2709 quam
529 2636 560 2693 lu
571 2646 651 2695 nunc
665 2634 718 2694 est
737 2629 776 2693 ht
786 2630 811 2693 si
821 2631 1060 2713 quadragenarii,
1078 2630 1337 2712 quinquagenarii,
1354 2631 1452 2697 adhue

181 2742 242 2808 sine
256 2743 392 2818 nomine,
410 2748 481 2807 tunc
496 2736 615 2822 quidem
630 2758 690 2809 non
706 2749 777 2807 sunt
790 2743 874 2825 digni
888 2760 964 2822 quos
979 2743 1110 2809 verearis
1132 2741 1186 2828 (l).

236 2857 288 2921 23.
313 2856 515 2936 Philosophus
525 2856 567 2920 ait
579 2877 586 2919 :
600 2855 740 2939 legitimae
755 2856 965 2922 admonitionis
980 2872 1090 2934 sermo,
1107 2864 1243 2938 potestne
1257 2873 1318 2922 non
1333 2857 1450 2938 exeipit

181 2976 211 3033 at
219 2970 375 3035 emendari
388 2978 434 3033 est
444 2970 553 3050 potius.
571 2970 682 3035 Blande
697 2971 903 3050 compellantis
918 2971 1020 3048 verba,
1037 2978 1200 3050 possuntne
1210 2986 1270 3035 non
1280 2971 1451 3036 delectaret

181 3089 211 3147 at
230 3083 416 3163 perpendere
438 3089 484 3147 est
504 3083 613 3162 potius.
646 3083 677 3146 Si
698 3083 855 3148 delectaris
876 3090 986 3148 elnon
1008 3084 1177 3164 perpendis,
1204 3083 1315 3164 excipis
1336 3091 1367 3149 ot
1390 3098 1450 3150 non

181 3194 986 3281 mmmmmmmwmmwh

1315 3325 1438 3333 ——--..

219 3376 263 3453 (1)
283 3389 434 3459 Decorum,
455 3387 610 3460 Proecooia,
623 3385 788 3445 Carminium
802 3384 883 3446 libri:
893 3385 1044 3446 Coniucius
1057 3395 1126 3446 tuno
1135 3389 1174 3447 69
1185 3407 1276 3447 annos
1284 3396 1346 3447 erat
1355 3396 1451 3449 natus.

219 3490 263 3566 (2)
284 3498 435 3576 Aquamm
449 3496 603 3559 similitudo
616 3499 653 3558 ed
667 3506 778 3558 naturae
791 3497 979 3577 phoenomena
991 3499 1115 3560 refertor.

219 3604 263 3681 (3)
284 3612 321 3671 In
336 3613 381 3671 tui
394 3613 573 3690 perfectione,
586 3611 684 3672 sistere
699 3610 744 3671 vel
757 3611 889 3690 progredi
898 3633 916 3672 e
926 3621 956 3672 te
965 3633 1021 3672 uno
1031 3612 1136 3691 pendet
1146 3633 1155 3672 r
1164 3612 1229 3672 vide
1240 3611 1404 3693 exemplum
1418 3613 1451 3674 iu

181 3723 287 3785 duobos
300 3725 446 3799 extremis,
457 3727 487 3785 in
498 3746 532 3785 eo
542 3723 592 3802 qui
605 3726 688 3785 sistat
700 3725 753 3783 sub
766 3725 859 3804 ipsum
873 3726 965 3804 operis
977 3723 1071 3797 finem,
1086 3744 1135 3785 een
1149 3724 1186 3785 ud
1199 3724 1331 3786 ultimam
1349 3727 1452 3787 corbu-

181 3832 325 3915 itemquae
339 3836 507 3917 perficiendo
522 3837 677 3897 monticulo
691 3836 849 3913 adjicienda
862 3846 1033 3916 superessem
1053 3849 1082 3900 et
1098 3838 1128 3898 in
1141 3858 1175 3898 eo
1188 3841 1238 3916 qui
1253 3840 1452 3918 progredietur

182 3958 245 4027 poet
256 3950 349 4029 ipsum
364 3953 456 4030 operis
469 3952 592 4024 initium,
603 3971 653 4011 seu
663 3960 727 4029 post
740 3951 861 4029 primam
877 3949 1029 4027 coibulam,
1043 3971 1129 4029 quam
1144 3950 1300 4013 monticolo
1317 3952 1451 4013 faciendo

182 4060 212 4120 in
225 4061 341 4141 planam
359 4075 462 4124 terram
476 4063 616 4123 effuderit.

219 4168 266 4245 (4)
284 4178 359 4237 Haeo
373 4177 469 4236 omnio
483 4176 521 4236 od
534 4176 681 4256 sapientiae
695 4176 821 4237 studium
834 4177 1019 4239 excitandum
1036 4178 1154 4240 ficiunt.

219 4262 488 4355 mmmm

277 4468 487 4547 &ponendam
844 4448 912 4557 ᾖ)
926 4471 1028 4544 snoo,
1043 4473 1165 4534 florenter
1178 4492 1316 4535 amoenus.
1329 4476 1367 4535 R.
1384 4477 1449 4533 115.

195 4556 262 4670 ’ᾗ
277 4583 318 4657 Sr,
334 4583 479 4661 jacturam
497 4581 653 4663 deplorare,
675 4602 794 4644 amare:
843 4563 911 4666 ἕξ)
925 4584 1015 4659 Sura,
1027 4586 1218 4665 obsequiosus,
1241 4584 1348 4646 docilis.
1374 4563 1448 4671 ff,

278 4698 414 4777 compoti.
923 4699 1028 4760 cedere
1042 4701 1080 4760 R.
1090 4703 1139 4761 49.
