3556 5664
536 504 631 548 war
649 503 808 547 smannens
821 520 862 533 -
874 505 948 548 rsus
968 507 1057 549 aaron
1374 494 1433 555 417

164 618 300 700 principe
326 638 334 684 ε
359 617 512 699 spectabat
532 617 666 683 occidere
687 618 788 682 decem
810 619 893 682 mille
915 620 1127 702 quadrigarum
1149 623 1325 703 principem,
1356 623 1434 687 sieut

165 733 301 798 occidere
316 749 336 797 a
352 735 438 796 lanea
454 740 536 797 veste
551 731 697 811 plebeium
715 751 723 794 ε
741 746 801 795 uon
817 732 993 797 formidabat
1008 737 1145 817 regulos;
1168 738 1194 800 si
1215 738 1312 816 asperi
1328 752 1431 802 aceen-

165 855 213 910 tus
228 847 403 923 reniebaut,
420 845 540 910 omnino
558 845 733 910 retundebat
746 861 809 909 eos.
834 846 925 928 llong
940 847 994 911 ebe
1010 846 1065 911 clrd
1082 851 1158 913 banc
1172 851 1270 914 alebat
1285 850 1431 914 tortitudi-

164 977 245 1037 nem,
264 966 301 1023 ut
315 961 428 1024 diceret
445 980 452 1023 :
471 965 571 1039 specto
593 974 652 1022 uon
675 960 802 1035 ducere,
830 974 889 1023 non
912 960 998 1025 aliter
1018 977 1055 1025 ac
1074 963 1194 1027 vincere
1218 960 1278 1047 (1);
1302 963 1432 1029 dimetiri

163 1077 283 1139 bostem
299 1083 331 1139 et
347 1080 449 1154 postea
464 1073 600 1155 aggredi,
617 1072 764 1152 conjicere
779 1072 980 1137 victoriamot
994 1083 1096 1155 postea
1111 1077 1262 1158 congredi,
1281 1088 1327 1141 est
1339 1077 1431 1142 reler-

164 1188 310 1253 midantis
325 1196 386 1253 tres
402 1194 516 1282 turmas
528 1184 570 1271 (i)
585 1207 592 1250 :
606 1185 667 1250 (tlte
682 1188 733 1267 qui
748 1188 859 1267 possim
875 1187 972 1252 lacere
986 1196 1098 1253 certam
1114 1190 1288 1255 victoriam?
1309 1207 1432 1270 possum

163 1318 224 1367 non
240 1302 361 1377 timere,
378 1308 409 1365 et
423 1300 496 1364 nibil
519 1301 610 1364 aliud.
640 1301 732 1382 llong
745 1301 801 1365 ebe
816 1299 872 1365 abd
886 1301 1070 1365 assimilatur
1090 1304 1192 1385 Tscng
1211 1310 1274 1380 tse3
1295 1302 1336 1368 Pe
1351 1304 1433 1386 long

162 1431 240 1499 pecu
256 1416 442 1479 assimilatur
456 1415 515 1479 Tse
529 1416 579 1479 hia
597 1412 653 1499 (3).
676 1414 836 1493 Utriusque
851 1413 951 1479 berois
966 1414 1184 1492 tortitudinum,
1207 1417 1306 1482 nescio
1327 1433 1432 1481 earam

163 1544 304 1609 quanam
325 1529 534 1604 excellentiam
558 1535 688 1593 attamen
704 1528 796 1610 llong
810 1529 865 1592 cbe
880 1526 936 1591 ebe
951 1529 1088 1593 servabat
1104 1528 1201 1612 magis
1215 1530 1428 1594 necessarium.

163 1644 242 1706 Olim
264 1644 368 1724 Tseng
382 1648 428 1705 tse
443 1642 598 1721 alloquens
619 1641 797 1721 discipulum
812 1642 870 1704 Tse
885 1642 972 1724 siang
986 1641 1029 1706 ait
1045 1663 1052 1706 :
1072 1642 1121 1720 lili,
1142 1658 1264 1708 amasne
1285 1643 1431 1708 tortitudi-

162 1762 254 1821 nemt
275 1757 340 1839 ligo
356 1757 427 1820 olim
442 1755 542 1819 audivi
556 1757 592 1819 de
608 1770 717 1837 magna
735 1755 904 1819 tortitudine
915 1772 933 1819 a
945 1771 1013 1820 meo
1028 1757 1183 1838 magistro.
1207 1757 1237 1819 Si
1252 1773 1369 1822 mecum
1386 1773 1431 1821 re·

163 1871 310 1949 pendens,
320 1886 379 1934 non
388 1868 652 1949 rectamJudicem,
662 1869 710 1932 rel
719 1869 835 1931 laneam
845 1871 976 1949 amplam
986 1876 1099 1935 restem
1107 1886 1164 1951 ego
1172 1885 1231 1934 nou
1240 1871 1360 1935 timeam
1370 1867 1430 1953 (lli

163 1982 194 2046 Si
215 1999 335 2048 mecum
362 1982 525 2063 rependens
550 1998 667 2062 equum
690 1980 831 2061 judicem,
859 1984 995 2062 quamvis
1019 1983 1176 2047 chiliadem
1198 1986 1245 2048 rel
1267 1984 1431 2066 myniadem

163 2097 323 2160 bominum
338 2111 395 2178 ego
410 2097 579 2178 aggrediar.
609 2096 700 2176 llong
715 2096 770 2158 ebe
785 2093 841 2158 ebe
855 2112 979 2160 servans
997 2096 1134 2176 intrepidi
1150 2098 1241 2160 animi
1257 2096 1358 2172 robur,
1376 2112 1432 2190 nee

163 2216 266 2273 tamen
282 2209 359 2273 sicut
374 2210 476 2291 Tscng
492 2216 535 2274 tse
550 2210 688 2274 seruabat
697 2208 727 2271 id
736 2209 815 2287 quod
829 2216 875 2273 est
891 2209 1089 2290 potissimum.
1111 2208 1179 2274 bit:
1193 2212 1289 2275 ausim
1304 2211 1431 2274 interro·

163 2338 238 2404 gare
250 2340 259 2386 ι
273 2322 411 2405 magistri
425 2323 661 2388 immobilitatem
677 2321 768 2385 animi
778 2330 808 2385 et
819 2323 884 2387 liae
899 2330 943 2386 tse
960 2324 1129 2387 firmitatem
1144 2324 1253 2401 cordis,
1271 2339 1432 2403 possumne

162 2436 316 2502 addidere
341 2436 494 2515 acciperet
523 2438 587 2501 liao
610 2444 654 2500 tse
675 2435 797 2499 aiebat:
819 2438 866 2499 usi
881 2454 1003 2500 sensum
1025 2452 1083 2501 non
1107 2446 1191 2501 tenes
1210 2437 1240 2500 in
1261 2437 1370 2513 uerbis,
1392 2453 1430 2501 ue

163 2551 309 2615 scruteris
324 2550 355 2613 in
371 2550 459 2614 corde
476 2546 535 2633 (5);
554 2549 579 2613 si
595 2566 653 2613 non
669 2548 784 2613 obtines
805 2565 907 2630 pacem
922 2550 953 2613 in
969 2551 1068 2628 corde,
1086 2566 1124 2614 ne
1139 2551 1289 2631 suppetias
1314 2566 1431 2630 quares

163 2663 278 2728 avitali
293 2662 433 2744 spiritu.»
451 2664 623 2727 Commotus
637 2663 667 2726 in
683 2663 782 2738 corde,
800 2678 858 2726 non
875 2680 1007 2743 quaerere
1022 2664 1294 2744 suppetiasaritall
1310 2664 1428 2743 spiritu,

164 2777 254 2841 lieet:
269 2777 401 2841 nondum
416 2784 570 2841 assecutus
585 2792 706 2840 sensum
721 2774 751 2838 in
766 2776 876 2854 verbis,
894 2793 953 2841 non
968 2793 1101 2857 quarere
1113 2777 1143 2840 in
1154 2778 1253 2853 corde,
1271 2793 1331 2842 non
1347 2775 1427 2840 licet.

163 2890 201 2954 llt
220 2893 247 2954 si
269 2906 354 2954 mens
373 2897 419 2953 est
437 2890 535 2953 vitalis
560 2890 681 2970 spiritus
706 2890 897 2966 moderatrix,
923 2891 1022 2953 vitalis
1046 2890 1169 2971 spiritus
1189 2897 1236 2954 est
1257 2888 1430 2953 substancia

163 3006 417 3084 complementum
435 3023 442 3067 :
461 3020 546 3068 mens
560 3011 607 3068 est
621 3002 722 3083 atione
744 3019 814 3082 pars
836 3003 947 3083 potior;
969 3011 1001 3067 at
1016 3005 1144 3067 vitalitas
1159 3010 1205 3068 est
1220 3004 1348 3067 meunda
1370 2998 1426 3086 (6).

164 3118 233 3183 ldce
254 3117 394 3182 dicetur:
413 3117 528 3182 custodi
551 3116 701 3197 propriam
727 3125 869 3194 menwm,
891 3134 928 3181 ne
949 3118 1106 3196 pessumda
1130 3116 1279 3197 propriam
1301 3115 1428 3179 naba·

163 3239 226 3303 tem
238 3228 294 3315 (7).
314 3230 384 3294 Ait:
399 3246 468 3294 eum
482 3230 592 3295 dixeris
606 3250 614 3294 :
630 3246 715 3293 mens
730 3236 775 3293 est
791 3229 942 3309 primaria,
960 3246 1029 3310 pars
1044 3231 1161 3294 sensilis
1175 3243 1222 3294 est
1236 3228 1426 3304 maundarim

163 3344 255 3410 edam
277 3345 351 3407 dicis
372 3345 446 3408 illud
467 3364 475 3407 :
499 3343 613 3408 cusmd
638 3344 787 3423 propriam
813 3351 955 3419 mentem,
980 3345 1041 3408 noli
1062 3344 1254 3424 pessumdare
1277 3342 1428 3423 propriam

201 3578 253 3658 (5)
272 3590 305 3650 Si
324 3608 384 3648 non
405 3588 483 3667 capis
503 3589 597 3663 verba,
617 3608 653 3648 ne
673 3589 802 3650 animum
821 3588 944 3666 applices
964 3589 1002 3649 ad
1019 3589 1214 3665 semtandum3
1235 3589 1266 3648 id
1283 3590 1359 3649 enirn
1379 3609 1429 3649 cor

162 3712 337 3764 concuteret.
360 3702 436 3763 Sada
454 3702 543 3762 animi
561 3702 763 3762 aarnrnotionos
778 3703 809 3761 in
822 3722 862 3773 se,
875 3721 935 3761 nen
948 3721 1014 3761 vero
1028 3700 1200 3761 adminiculo
1223 3701 1427 3775 sensibilitatis,

162 3816 239 3895 quod
258 3823 333 3875 esset
352 3813 462 3876 inutile.
490 3816 555 3875 Hoc
574 3815 736 3888 secundnm,
750 3817 793 3875 ait
811 3816 958 3890 Mentsius,
981 3813 1127 3875 tolerabile
1150 3815 1267 3893 quidem
1288 3824 1339 3887 est,
1361 3835 1427 3876 cum

161 3932 261 3989 animo
273 3929 381 4007 primas
397 3928 554 4004 attrssraat3
567 3939 598 3988 at
611 3928 737 3988 noadtrrn
752 3929 789 3988 ad
802 3928 954 4007 perfectam
976 3929 1132 3988 domninam
1156 3929 1271 3990 accedit.
1302 3928 1427 3989 Sensibi·

161 4042 254 4103 litatis
265 4041 343 4102 enim
356 4040 559 4101 adminiculum
574 4062 632 4101 non
646 4053 690 4101 est
702 4041 901 4119 negligendum
917 4039 1004 4101 :licet
1017 4042 1093 4101 enim
1108 4044 1198 4101 menti
1210 4042 1308 4121 prima
1321 4052 1426 4121 partes,

161 4155 345 4217 sensibilitati
358 4164 458 4215 tamen
470 4155 600 4215 secundae
612 4162 680 4215 stunt
694 4154 891 4215 attribuendae.

203 4259 249 4339 (6)
270 4243 312 4327 ᾗ
323 4269 440 4348 spiritns
453 4268 598 4341 animales,
612 4268 654 4327 vis
667 4267 785 4329 masilia.

201 4374 251 4453 (7)
270 4382 352 4442 Mens
365 4391 410 4441 est
423 4382 536 4459 spiritus
549 4381 644 4441 vitalis
660 4382 774 4454 reeuix,
796 4381 842 4443 hie
855 4381 952 4463 implet
964 4391 1056 4443 totam
1068 4381 1259 4444 substantiam
1281 4390 1311 4443 et
1334 4381 1426 4441 menti

162 4496 288 4557 inservit
306 4497 434 4556 Mentem
447 4495 533 4573 igilur
545 4493 664 4566 custodi,
678 4502 710 4553 at
723 4512 852 4555 exercere
864 4497 953 4574 possit
965 4496 1139 4573 dominium
1151 4494 1267 4574 spiritns
1280 4493 1381 4554 vitales
1393 4493 1425 4552 in

163 4608 259 4686 vigere
279 4610 352 4682 fore,
375 4617 408 4667 ut
429 4609 520 4668 menti
540 4607 696 4667 inserviant
714 4630 722 4668 ε
740 4609 830 4687 partis
849 4609 997 4670 rationalis
1014 4622 1044 4670 et
1067 4608 1177 4670 sensilis
1197 4626 1304 4684 aeqtuam
1325 4624 1425 4665 curam

164 4720 275 4789 bahem
