3574 5664
557 487 655 530 saror
675 485 956 531 ocrnvuur-rass
973 487 1063 531 suros
1387 471 1448 533 327

231 598 281 662 45.
308 598 398 665 Yuen
412 600 488 684 jang
502 600 664 665 decussatis
679 599 802 680 pedibus
817 601 1006 681 expectabam
1024 601 1182 665 donbrcius
1192 603 1234 666 ait
1247 622 1255 666 ε
1266 602 1377 682 iunior,
1391 619 1448 669 nec

174 711 341 777 observasti
361 714 508 795 maiorem
530 715 661 791 adultus,
684 728 739 778 uec
754 714 882 778 habuisti
898 715 977 793 quod
999 717 1187 794 laudaretor;
1211 723 1241 782 et
1256 717 1366 794 senior,
1390 733 1448 783 uec

173 826 318 903 moreris;
336 827 367 891 id
383 834 510 893 estesse
526 828 640 892 cladem
658 847 666 892 :
684 834 714 892 et
729 843 797 891 curn
814 828 943 907 scipione
959 829 1087 907 pulsarit
1102 828 1167 908 ejus
1182 816 1285 894 tibiam
1302 828 1355 914 (1).

231 938 285 1003 46.
308 939 388 1004 iliud
408 948 483 1023 tang
501 941 570 1024 pagi
592 956 666 1019 puer
684 939 834 1005 deferebat
856 942 1013 1019 mandata;
1030 942 1150 1022 quidam
1173 944 1258 1023 petiit
1275 944 1311 1007 de
1331 945 1382 1009 illo
1403 944 1446 1008 di-

173 1067 245 1117 cens
267 1073 275 1115 :
298 1054 417 1133 prolicit
436 1060 532 1137 crgo?
562 1054 720 1120 Goulucius
740 1054 893 1134 respondit
914 1073 922 1116 ε
945 1069 1002 1136 ego
1023 1056 1108 1119 video
1132 1055 1218 1121 illum
1240 1058 1392 1123 considere
1415 1059 1447 1122 in

174 1165 331 1249 dignitatis
346 1169 425 1245 sede,
451 1169 536 1233 video
552 1168 636 1232 illum
653 1185 720 1233 cum
737 1167 900 1247 majoribus
921 1175 993 1232 nutu
1008 1169 1120 1248 pariter
1140 1169 1277 1235 incedere
1294 1190 1302 1234 ε
1325 1179 1448 1237 nonest

175 1278 328 1344 studiosus
342 1281 527 1362 proficiendi,
544 1282 596 1346 sed
611 1285 715 1347 voleus
730 1281 951 1364 quamprimum
972 1282 1116 1347 formatus
1131 1285 1257 1349 evadere
1274 1281 1329 1369 (t).

533 1556 740 1657 CAPUT
775 1555 1090 1658 occultunt
1184 1587 1189 1598 ·

233 1848 302 1913 Wei
322 1849 403 1932 ling
424 1849 548 1931 regulus
569 1854 779 1929 percunctatus
800 1855 847 1912 est
868 1849 1043 1931 strategium
1066 1864 1084 1912 a
1105 1848 1256 1913 Goniucio.
1289 1849 1448 1915 Gouiucius

179 1963 362 2043 respondens
381 1963 448 2027 ait:
472 1962 673 2026 manicarum
698 1961 828 2026 lancium
854 1962 1053 2045 pyxidumque
1072 1978 1133 2040 res,
1159 1962 1214 2026 bas
1233 1963 1352 2042 cuidem
1374 1964 1448 2028 olim

179 2075 295 2153 audiri3
312 2076 468 2158 legionum
484 2082 709 2154 tormammoue
724 2090 784 2151 res,
803 2076 935 2139 noudum
950 2091 1002 2139 eas
1016 2076 1103 2140 didici
1121 2095 1128 2138 :
1146 2081 1265 2156 postero
1280 2077 1327 2142 die
1345 2078 1448 2141 statim

180 2189 261 2254 abiit.
284 2190 361 2253 lium
371 2190 490 2255 essetin
502 2204 595 2271 regno
610 2188 725 2252 T‘chcn
741 2188 905 2269 intercepta
921 2204 1039 2253 annona
1051 2209 1059 2252 :
1072 2190 1123 2269 qui
1133 2189 1351 2254 comitabantur
1365 2191 1447 2254 intir-

181 2302 252 2367 mati
273 2310 354 2379 sunt,
376 2310 408 2368 et
425 2318 514 2368 uerno
533 2307 647 2382 poterat
663 2318 798 2384 surgere.
825 2303 884 2366 Tse
904 2303 954 2367 lou
974 2302 1209 2386 indignationem
1230 2304 1358 2382 prodens
1377 2304 1445 2368 ait:

182 2415 307 2495 sapienti
321 2418 411 2483 etiam
422 2416 527 2481 accidit
537 2415 715 2497 angustari?
734 2415 892 2481 consuetus
906 2416 1064 2495 respondet
1081 2436 1088 2479 :
1106 2417 1225 2497 sapiens
1241 2422 1322 2482 certe
1336 2433 1448 2500 angus·

184 2536 273 2605 tatur,
290 2537 322 2593 at
336 2531 471 2614 vulgaris
486 2530 576 2594 homo
591 2535 771 2610 angustatus
785 2528 886 2592 statim
902 2529 1031 2608 diffluit(
1055 2532 1078 2608 ).

239 2643 270 2707 ⁶2.
294 2644 492 2723 Philosophus
513 2642 556 2706 ait
572 2661 580 2705 ε
599 2642 647 2718 Se,
672 2647 742 2705 tune
757 2641 908 2707 homiuem
924 2656 1102 2719 metenses,
1126 2642 1176 2724 qui
1197 2645 1292 2707 multa
1314 2643 1449 2709 didicerit

185 2770 276 2837 caque
290 2757 467 2822 retinuerit?
489 2756 681 2836 Respondeas
695 2754 737 2818 ait
753 2775 761 2819 :
779 2756 838 2833 ita;
856 2771 894 2819 au
909 2757 996 2821 aliter
1010 2761 1076 2820 estt
1095 2756 1145 2820 llit
1162 2777 1169 2821 :
1188 2757 1299 2821 aliter:
1317 2773 1375 2840 ego
1393 2773 1449 2838 per

185 2886 276 2934 uuum
290 2871 419 2951 pervade
435 2876 531 2934 toturn
545 2870 603 2950 (4).

241 2986 272 3047 3.
295 2985 493 3064 Philosophus
512 2983 554 3047 ait
570 3003 578 3046 t
596 2983 692 3059 Yeon,
710 2989 866 3048 noscentes
881 2984 1035 3060 virtutem,
1052 2983 1149 3062 pauci.

243 3098 272 3162 4.
294 3097 493 3179 Philosophus
517 3097 583 3160 ait:
608 3095 682 3159 nihil
704 3110 798 3179 agens
816 3105 847 3162 et
866 3103 965 3161 tamen
991 3106 1071 3161 recte
1095 3097 1277 3179 gubernans,
1301 3096 1327 3161 is
1347 3112 1448 3162 uounc

188 3209 282 3276 dboen
298 3211 375 3274 luitt
394 3211 449 3276 llle
463 3211 533 3290 quid
548 3209 678 3293 agebat?
700 3210 790 3275 Recte
806 3226 839 3275 se
854 3224 1046 3290 componens,
1068 3216 1149 3275 recta
1164 3211 1316 3293 spectabat
1331 3217 1447 3274 austra·

189 3323 245 3389 lem
259 3339 343 3391 oram
358 3329 388 3389 et
402 3325 476 3390 nihil
492 3324 583 3388 aliud.

227 3812 271 3893 (1)
291 3820 375 3882 Yuen
385 3822 467 3900 jung,
485 3821 595 3900 jamdiu
618 3819 748 3880 Confncii
769 3820 950 3891 necessarius,
971 3818 1020 3878 sed
1040 3817 1103 3877 Lao
1123 3774 1172 3878 tac!
1187 3816 1331 3896 principiis
1351 3816 1447 3877 addic-

191 3945 243 4007 tos,
259 3935 388 3996 licentius
401 3934 437 3993 du
450 3936 550 3994 decoro
563 3934 719 3994 remiserat.
740 3914 781 3997 ἶ
797 3940 840 3992 est
853 3934 953 4011 supine
971 3931 1126 3991 decussatis
1139 3932 1259 4011 pedibus
1271 3930 1376 3991 sudore.
1403 3904 1444 3989 R

192 4055 219 4106 et
236 4023 335 4128 ἦρτο
349 4025 394 4112 ᾗ
407 4054 436 4107 et
451 4027 511 4110 ii.

227 4151 272 4231 (1)
290 4163 417 4231 Putabat
435 4161 614 4238 interrogans
634 4161 698 4221 ideo
720 4179 837 4239 puemm
852 4161 889 4219 ad
909 4157 1034 4236 hospites
1054 4157 1181 4237 allegari,
1202 4157 1278 4234 quod
1298 4158 1329 4217 iu
1349 4156 1447 4216 studio

192 4291 329 4352 processus
342 4275 462 4336 haberet
479 4296 488 4338 a
507 4282 595 4351 negat
610 4273 771 4348 Oonfociua,
786 4273 836 4353 qui
849 4274 944 4353 potius
956 4268 999 4330 illi
1011 4269 1066 4331 hoc
1078 4268 1200 4332 officium
1214 4270 1446 4344 demandaverat,

192 4394 221 4447 ut
232 4388 301 4449 ritus
314 4389 481 4449 addisceret.

226 4492 272 4572 (a)
289 4502 366 4562 mua
386 4481 430 4578 Ι,
444 4500 638 4580 potestatium
653 4501 859 4579 versifortior.

226 4605 273 4685 (4)
291 4594 330 4675 2
353 4615 476 4675 11111111·
488 4615 526 4673 ad
540 4623 634 4674 totum
646 4614 839 4691 cognitionum
853 4614 996 4690 ordinem3
1021 4648 1063 4666 ··-
1083 4613 1214 4690 desIgnat
1235 4611 1362 4671 omnium
1382 4609 1445 4669 fou·

192 4733 254 4804 lem,
267 4727 456 4796 universalem
474 4745 567 4788 mrum
581 4728 722 4788 rationem
736 4748 744 4786 1
757 4726 855 4788 confer
866 4726 943 4788 dicta
955 4726 1009 4788 sub
1020 4727 1103 4788 linem
1116 4726 1216 4804 capitia
1230 4723 1354 4787 meandi

263 4856 285 4904 rt
1325 4837 1364 4895 tn
