3554 5642
511 493 608 538 curor
628 492 778 535 anmmmr
790 507 832 520 -
844 491 918 535 rans
938 492 1102 536 rocrnmon
1380 481 1437 539 ott

225 608 276 672 32.
300 607 450 673 bientsius
464 606 526 671 ait:
539 607 644 671 Yaoet
660 607 758 671 Circen
775 605 951 671 naturaliter
965 607 1006 671 ita
1019 626 1027 669 :
1041 608 1143 691 T‘anq
1152 614 1182 672 et
1192 607 1236 673 On
1248 624 1284 672 eo
1294 609 1436 673 restituti.

173 723 235 787 Oris
249 721 330 786 enim
347 721 451 785 bairitu
467 728 588 800 totoque
602 721 721 785 incessu
736 719 883 799 quadrare
898 721 1015 797 ritibus,
1034 721 1171 800 perteetae
1187 722 1305 785 virtutis
1320 731 1366 786 est
1380 722 1438 786 tas·

172 836 273 919 opum
297 855 305 898 :
330 837 437 917 lugere
461 841 596 899 mortuos
620 850 689 898 cum
714 833 825 898 doloris
849 833 969 910 affectu,
996 849 1056 898 uon
1080 834 1112 899 iit
1134 843 1255 915 propter
1276 836 1436 900 viventes:

171 949 316 1015 constanti
338 948 450 1013 virtute
471 964 531 1012 non
555 947 641 1027 tiecti,
668 963 726 1011 non
745 947 777 1010 tit
791 947 828 1010 ad
843 948 1011 1027 quaerenda
1036 947 1206 1027 stipendia:
1225 948 1316 1014 verbo
1332 959 1363 1013 et
1377 965 1439 1013 ser·

171 1079 255 1128 mone
270 1061 450 1126 naturaliter
464 1076 530 1127 esse
546 1062 708 1137 sincerum,
725 1075 786 1126 non
801 1060 835 1124 iit
848 1062 885 1125 ad
895 1061 1130 1141 comprobandas
1139 1064 1271 1127 actiones
1283 1058 1338 1146 (t).
1357 1062 1440 1142 Sapi-

170 1194 222 1242 ens
232 1175 379 1258 veroagit
389 1176 513 1242 rationis
523 1177 602 1258 tege,
619 1175 733 1241 interea
743 1174 815 1238 dum
826 1180 962 1255 expectat
977 1176 1045 1239 eceli
1055 1190 1178 1253 numen,
1195 1177 1278 1240 etnii
1288 1176 1368 1240 alind
1380 1173 1436 1260 (2).

226 1290 280 1354 33.
304 1288 450 1354 Mentsius
469 1290 510 1353 ait
528 1309 536 1352 :
555 1289 580 1352 si
600 1288 766 1354 consiiieris
788 1289 937 1354 nobilibus
959 1289 1042 1366 viris,
1067 1296 1139 1354 tunc
1158 1306 1210 1355 eos
1230 1290 1439 1370 parvipendas,

171 1403 240 1486 quin
256 1408 375 1483 spectes
389 1402 510 1467 iliorum
526 1411 731 1482 sumptuosam
748 1401 1012 1485 magnificentiam.
1034 1401 1141 1466 butam
1157 1404 1254 1468 attolli
1269 1403 1383 1483 aliquot
1392 1419 1441 1467 oe·

172 1518 283 1599 tipedes
298 1531 468 1593 mensuras,
492 1516 708 1595 scandulasquc
731 1516 900 1596 prominere
921 1516 1035 1595 aliquot
1053 1515 1179 1594 cubitos,
1207 1534 1265 1600 ego
1284 1517 1345 1581 voti
1361 1531 1441 1581 com·

171 1648 224 1713 pos
240 1628 284 1714 (3)
309 1644 369 1693 non
392 1636 535 1709 paterer:
554 1630 644 1710 dapes
666 1645 768 1694 coram
790 1636 944 1708 porrectas
964 1629 995 1692 in
1017 1630 1194 1709 quadratam
1217 1630 1440 1710 decempedam,

172 1744 346 1809 assistentes
374 1743 555 1808 concubinas
578 1720 692 1823 aitquot
717 1750 842 1808 centem
868 1742 1035 1816 bominum,
1067 1758 1125 1825 ego
1149 1758 1271 1825 compos
1296 1744 1356 1808 voti
1380 1760 1442 1809 uon

172 1858 360 1922 admitterem
374 1857 552 1940 :indulgere
567 1856 769 1937 voluptatibus
782 1863 814 1921 et
828 1864 949 1935 epotare
964 1857 1079 1934 vinum,
1099 1858 1246 1922 concitata
1261 1857 1443 1938 equitatione

171 1972 287 2047 venari,
311 1968 561 2050 subsequentibus
581 1952 735 2053 quadrigis
757 1969 896 2047 millenis,
923 1984 980 2051 ogo
996 1971 1058 2034 voti
1077 1986 1199 2050 compos
1219 1987 1278 2036 non
1299 1971 1440 2035 tacerem.

172 2086 213 2148 Ea
227 2086 339 2149 adsunt
352 2082 424 2161 iliis,
442 2098 518 2164 quae
533 2082 632 2148 omnia
648 2099 706 2166 ego
720 2100 780 2148 non
795 2089 930 2163 paterer3
947 2097 1024 2163 quae
1038 2083 1140 2148 insunt
1156 2085 1241 2161 mihi,
1258 2084 1358 2149 omnia
1373 2091 1445 2149 sunt

173 2205 309 2264 veterum
324 2213 447 2275 norma;
464 2213 521 2280 ego
536 2198 587 2277 qui
602 2197 758 2263 formidem
773 2198 864 2261 ilios?

230 2313 284 2377 34.
308 2310 453 2375 Mentsius
468 2310 510 2375 ait
528 2332 535 2374 :
554 2311 746 2377 custodiendo
761 2311 843 2375 cordi
858 2310 932 2374 nibil
947 2310 1045 2390 aptius
1058 2327 1147 2390 quam
1163 2313 1340 2377 imminuere
1355 2327 1443 2392 appe·
1498 2334 1504 2361 ι

174 2426 304 2491 bbones.
323 2423 379 2497 Qui
389 2434 460 2490 snut
471 2425 606 2490 homines
616 2440 779 2505 paucorum
794 2425 990 2504 appetituum,
1003 2425 1119 2490 etiamsi
1129 2426 1288 2505 aliquando
1300 2426 1373 2490 iliud
1383 2441 1445 2491 nou

174 2545 364 2615 conservent,
380 2544 412 2602 at
427 2554 496 2604 raro
508 2559 516 2602 :
529 2547 559 2603 et
574 2539 625 2618 qui
640 2544 710 2602 sunt
726 2538 862 2603 homines
877 2540 970 2602 muita
987 2538 1241 2619 concupiscentes,
1258 2539 1375 2603 etiamsi
1390 2540 1444 2604 ati·

176 2653 293 2733 quando
309 2659 498 2731 conservent,
516 2668 585 2717 raro
600 2659 712 2717 tamem

233 2767 286 2831 35.
310 2766 414 2850 Tseng
435 2766 462 2830 si
482 2766 666 2846 appetiverat
689 2765 1007 2849 nigrum'zizypbum
1033 2767 1166 2846 adeoque
1193 2768 1296 2849 Tseng
1316 2773 1362 2831 tse
1384 2783 1444 2832 non

177 2879 289 2944 terebat
303 2879 460 2944 comedere
475 2879 596 2963 nigrum
610 2880 765 2963 zizypbum
776 2878 834 2959 (i).
850 2880 941 2962 Kong
956 2896 1029 2945 suen
1046 2881 1168 2945 t‘cireou
1181 2882 1372 2963 interrogans
1382 2880 1442 2946 ait:

178 2993 304 3057 minutai
318 2999 372 3055 aut
385 3008 487 3057 assum
502 2994 580 3058 inter
591 3000 622 3058 et
633 2993 754 3075 nigrum
769 2992 936 3076 zizypbum,
954 2994 1096 3074 quidnam
1109 2993 1284 3073 jucundiust
1300 2994 1446 3058 iteutmus

177 3106 330 3186 respoudit
343 3125 350 3168 :
364 3105 490 3170 minutal
501 3113 654 3182 etassum,
671 3112 752 3171 certe
767 3107 824 3184 (5).
850 3107 942 3189 Kong
956 3123 1030 3172 suen
1046 3108 1167 3172 t‘cireou
1183 3109 1225 3171 ait
1237 3126 1245 3169 ι
1258 3108 1285 3171 si
1299 3107 1351 3185 ita,
1373 3113 1446 3172 tunc

177 3219 279 3302 Tseng
299 3226 346 3284 tse
368 3235 461 3300 quare
482 3219 655 3285 comedebat
677 3220 802 3284 minutal
821 3226 852 3284 et
866 3235 981 3297 assum,
1005 3227 1035 3285 et
1049 3236 1108 3285 non
1128 3220 1302 3286 comedebat
1323 3221 1446 3303 nigrum

177 3332 353 3416 zizypbmnt
380 3333 542 3413 Respondit
559 3350 567 3397 :
586 3333 711 3397 minutal
727 3339 872 3398 erassum
888 3339 934 3398 est
948 3334 1018 3414 quid
1039 3350 1212 3410 commuue3
1234 3334 1355 3418 nigrum
1370 3336 1444 3420 zizy·

178 3448 270 3527 pbum
286 3453 352 3510 erat
366 3447 436 3527 quid
452 3448 615 3530 singulare.
641 3447 689 3511 Sic
704 3447 918 3527 supprimimus
932 3448 1139 3513 detunctorum
1155 3463 1276 3525 nomen,
1300 3465 1360 3514 non
1376 3465 1445 3529 sup·

179 3559 336 3639 primimus
358 3576 542 3643 cognomem
566 3576 733 3643 cognomen
755 3566 800 3624 est
822 3561 893 3640 quid
914 3577 1081 3639 commune,
1108 3577 1217 3626 nomen
1239 3569 1286 3625 est
1299 3562 1370 3642 quid
1385 3563 1444 3627 sin·

140 3752 143 3757 ,
179 3672 285 3756 gulare
299 3674 358 3753 (6).

220 3926 266 4005 (1)
286 3932 334 3994 En
349 3937 450 3995 innata
463 3935 654 4012 naturalisque
668 3937 812 4011 cenobius,
827 3935 984 4012 cujusmodi
997 3944 1080 3996 erant
1093 3935 1158 3996 Yao
1172 3947 1202 3996 ct
1216 3935 1326 3999 Ghoen.

219 4038 267 4118 (2)
288 4048 337 4108 En
350 4048 490 4126 achicita
503 4050 650 4123 sanctitas,
664 4049 820 4128 cujusmodi
832 4055 916 4108 erant
929 4034 1026 4126 T‘ang
1038 4057 1068 4110 et
1082 4048 1135 4110 On.

220 4152 267 4233 (8)
287 4162 416 4223 Similem
429 4161 601 4239 dignitatem
615 4170 790 4224 consecutus.

219 4264 264 4345 (4)
285 4275 332 4337 Ob
344 4274 470 4337 defuncti
483 4276 659 4336 memoriam.
673 4274 756 4336 Licet
765 4275 841 4335 enim
854 4273 1006 4334 defunctus
1015 4282 1097 4354 puter
1109 4277 1198 4336 etiam
1211 4276 1335 4338 minutal
1345 4286 1376 4338 et
1388 4278 1446 4340 alta

183 4390 372 4467 appetivisset,
385 4387 416 4448 id
430 4407 489 4448 non
502 4395 564 4449 erat
577 4389 603 4448 ei
617 4386 770 4467 singulare.
792 4365 835 4450 ᾗ
849 4364 892 4453 fl
900 4430 909 4461 ,
926 4387 1056 4467 opedam
1069 4390 1186 4450 fructus.

221 4492 267 4573 (b)
279 4500 398 4564 Emicat
410 4499 459 4561 irio
471 4503 514 4562 vir
527 4499 604 4562 illius
619 4476 674 4562 ἢ

218 4606 267 4685 (d)
285 4618 431 4680 Defuncto
443 4614 552 4697 imponi
563 4615 637 4677 colet
649 4634 757 4676 norum
769 4635 873 4677 nornen
884 4585 966 4688 (ἦ),
982 4622 1013 4676 et
1026 4619 1176 4698 antiquum
1186 4616 1251 4697 jam
1263 4612 1331 4677 iudo
1345 4618 1447 4698 nequit

179 4731 321 4799 ‚nomiwi
331 4707 392 4806 (ᾗ
408 4701 472 4799 n)
1189 4774 1193 4781 .

258 4863 281 4906 11
927 4866 932 4877 ·
1328 4846 1367 4903 80
