3556 5664
565 478 662 524 caena
682 478 797 523 auruum
811 494 853 508 -
865 480 939 522 nans
957 479 1047 524 raros
1381 463 1439 524 371

224 591 257 657 2.
282 593 428 658 blentsius
443 591 544 657 inrisit
558 592 661 675 Leang
676 593 748 656 Hooi
765 608 879 675 regom.
903 594 967 658 iles
981 598 1065 657 stans
1075 595 1111 658 ad
1124 592 1242 673 piscine
1258 594 1438 677 marginem,

164 705 344 787 inspiciebat
364 708 527 789 sylvestres
541 721 663 770 anseres
683 713 712 770 et
733 722 848 770 cervos.
877 705 926 770 lit
944 727 951 770 ε
970 708 1099 788 sapiens,
1123 708 1253 773 etiamne
1275 708 1441 772 delectatur

164 819 254 884 istis?
276 821 424 884 blentsins
439 819 591 899 respondit
607 839 615 882 :
633 819 752 900 sapiens
765 818 837 898 iam,
857 828 888 884 et
904 829 1005 901 postea
1021 822 1139 886 laetatur
1154 821 1202 884 bis
1219 840 1226 883 ε
1246 822 1378 886 nondum
1394 836 1440 885 sa·

164 932 262 1012 plens,
288 933 345 997 etsi
369 934 477 998 babent
500 933 574 1009 lateo,
599 947 659 996 non
681 934 808 996 laetatur.
843 933 969 998 Carmen
994 932 1072 1019 (ΙΙΙ.
1092 931 1145 1017 8.)
1169 933 1211 997 ait
1235 954 1242 997 :
1271 934 1441 999 «demetiri

164 1053 264 1126 ooepta
279 1056 327 1111 est
347 1047 506 1128 spirituum
526 1048 630 1123 turris,
653 1047 824 1122 demetitur,
847 1047 1029 1123 delineatur;
1048 1054 1129 1111 totus
1143 1049 1271 1128 populus
1286 1047 1441 1112 adlaborat

163 1158 220 1236 illi,
244 1176 303 1225 neo
316 1160 381 1226 dies
396 1167 426 1227 et
441 1156 565 1240 perfecit
585 1160 667 1223 illam
685 1176 693 1223 :
713 1160 882 1225 metationis
897 1160 981 1225 initio
997 1163 1079 1225 nulla
1094 1161 1275 1237 sollicitatio,
1293 1168 1374 1224 totus
1389 1175 1440 1241 po-

163 1274 255 1353 pulus
270 1274 402 1339 oliorum
417 1275 513 1337 instar
526 1281 661 1338 uenerat.
694 1274 757 1337 ileu
772 1274 910 1337 adstabat
925 1275 1083 1354 spirituum
1099 1282 1195 1354 septo,
1215 1290 1310 1338 cervae
1320 1279 1350 1337 et
1360 1273 1442 1338 cerri

163 1402 223 1467 quo
238 1388 442 1463 accubabant;
460 1403 556 1452 cervae
567 1393 598 1451 et
610 1387 691 1451 cervi
707 1386 886 1469 pinguedine
902 1388 1049 1464 lucebant,
1070 1388 1144 1452 alba
1159 1403 1230 1451 aves
1245 1387 1351 1467 pennis
1366 1388 1441 1450 nite·

163 1499 237 1564 bant
254 1520 262 1564 :
282 1517 336 1565 rex
351 1501 488 1565 adstabat
510 1500 669 1580 spirituum
691 1508 811 1583 stagno,
834 1517 925 1580 quam
946 1502 1034 1581 pleno
1055 1501 1184 1583 piscibus
1204 1500 1401 1564 saltantibus!
1423 1524 1438 1557 »

164 1614 243 1678 Wen
260 1631 316 1679 rex
331 1630 401 1679 cum
417 1614 518 1696 populi
537 1612 652 1677 viribus
667 1613 737 1679 iecit
751 1614 871 1689 turrim,
896 1614 965 1679 lecit
979 1624 1133 1698 stagnum,
1156 1623 1186 1678 et
1201 1615 1329 1695 populus
1344 1614 1441 1678 laetus

164 1727 315 1808 gaudebat
340 1728 397 1792 boo
421 1748 429 1791 :
454 1728 662 1808 appellandam
681 1727 765 1791 iliam
788 1727 894 1790 turrim
917 1728 1056 1792 dixerunt
1081 1728 1277 1810 Spiritalem
1300 1728 1435 1804 turrim,

164 1843 354 1921 appellantes
367 1841 442 1906 illud
457 1849 599 1923 stagnum
615 1848 761 1905 vocarunt
775 1841 971 1922 spirituum
985 1848 1146 1922 stagnum
1162 1864 1173 1905 .·
1189 1841 1339 1924 gaudebat
1353 1841 1441 1905 illum

164 1953 275 2020 babere
290 1971 409 2031 cervos,
427 1957 523 2035 pisces
538 1961 569 2018 et
583 1955 758 2019 testudines.
781 1953 974 2035 antiquitatis
991 1953 1126 2020 homines
1142 1972 1210 2020 cum
1226 1955 1336 2035 populo
1349 1954 1440 2018 simul

165 2068 368 2145 laetabantur,
394 2068 519 2148 ideoque
541 2074 677 2147 poterant
699 2067 813 2131 laetari.
845 2068 946 2150 T‘ang
968 2070 1141 2132 mandatum
1160 2065 1238 2151 llll.
1258 2065 1316 2150 3.)
1341 2067 1437 2132 dicit:

169 2180 246 2246 «bic
256 2182 303 2246 sol
318 2182 474 2263 ecquando
489 2181 667 2246 occumbett
683 2195 738 2244 nos
748 2189 778 2244 el
789 2189 821 2244 tu
832 2182 920 2245 simul
932 2197 991 2245 una
1007 2182 1172 2246 moriamur
1183 2178 1225 2265 (l)
1242 2206 1255 2238 a
1276 2181 1301 2244 si
1313 2181 1441 2261 populus

165 2295 284 2360 nolebat
299 2311 372 2361 oum
386 2294 439 2360 illo
454 2295 544 2359 simul
559 2294 715 2369 commori,
726 2295 789 2358 ,etsi
804 2294 928 2359 baberet
943 2294 1061 2373 turrim,
1079 2302 1232 2378 stagnum,
1250 2300 1362 2359 aveset
1374 2294 1440 2359 bes·

167 2408 234 2485 tias,
251 2409 404 2488 quomodo
420 2415 537 2489 poterat
552 2409 634 2472 solus
649 2409 803 2490 gauderet

222 2523 253 2586 3.
277 2523 386 2605 Leang
395 2523 468 2587 Hoei
479 2538 532 2587 res
541 2522 743 2603 ail:erdguus
753 2537 810 2605 ego
821 2522 878 2598 vir,
891 2523 987 2604 quoad
999 2521 1294 2605 regnumexbaurio
1305 2521 1441 2586 animum

167 2650 288 2714 prorsus
305 2633 366 2720 (2).
389 2636 419 2699 Si
438 2635 475 2700 ad
497 2635 628 2698 lluminis
650 2636 748 2698 sinum
770 2637 902 2716 penuria,
931 2644 1002 2700 tune
1024 2636 1171 2701 transiero
1192 2636 1275 2700 illinc
1295 2608 1440 2729 populum

167 2748 203 2812 ad
217 2748 353 2813 fluminis
368 2750 522 2827 orientem,
543 2756 573 2813 et
588 2747 735 2813 transiero
751 2750 823 2813 bine
835 2758 953 2832 segetes
968 2751 1006 2814 nd
1022 2749 1101 2813 durii
1112 2750 1220 2813 sinum.
1247 2748 1276 2812 Si
1294 2750 1330 2813 ad
1344 2748 1438 2812 dumi-

167 2861 212 2924 nis
226 2862 378 2927 orientem
395 2863 434 2926 sit
450 2862 583 2942 pentuma,
603 2862 693 2926 etiam
710 2862 751 2926 ita
769 2861 824 2946 (3).
847 2863 1008 2928 Considera
1022 2863 1188 2929 uicinorum
1204 2878 1366 2944 regnorum
1382 2866 1437 2944 gu·

167 2972 319 3053 bernium,
337 2992 392 3041 nec
401 2976 479 3040 sicut
488 2992 546 3059 ego
556 2976 697 3040 adhibent
707 2976 757 3040 illa
768 2976 953 3059 diligentiam
966 2997 974 3040 :
987 2976 1152 3040 vicinorum
1164 2982 1264 3040 emen
1275 2990 1439 3058 regnorum

205 3228 249 3306 (Ι)
268 3237 309 3296 In
326 3257 364 3298 eo
387 3234 542 3295 Annalium
560 3234 651 3312 capito
668 3234 699 3293 fil
716 3254 808 3294 senam
826 3235 862 3294 de
880 3235 998 3312 pessimo
1018 3235 1185 3312 imperatore
1205 3233 1272 3305 tlte,
1291 3233 1341 3310 qui
1361 3251 1440 3293 arro-

167 3359 268 3429 ganter
285 3350 383 3410 niebet
396 3371 404 3407 a
417 3351 488 3408 siena
502 3349 532 3406 in
545 3350 612 3406 culo
622 3350 673 3421 sol,
687 3350 727 3406 ita
739 3368 788 3427 eqo
806 3350 836 3406 in
851 3349 980 3425 imperim
997 3367 1057 3405 oure
1069 3350 1112 3405 nol
1117 3348 1243 3426 perierat,
1262 3356 1329 3404 tunc
1341 3357 1366 3407 et
1379 3365 1438 3425 eqo.

168 3461 253 3523 Unde
273 3462 398 3542 populus
423 3461 556 3540 gubernii
582 3470 717 3540 pertesus
737 3461 875 3520 commori
895 3459 1029 3532 malebat,
1051 3461 1136 3520 modo
1156 3459 1199 3519 sol
1218 3457 1266 3519 ille
1287 3460 1438 3520 occideret.

168 3577 230 3635 Hal
242 3596 310 3637 vero
324 3575 375 3635 hic
387 3582 471 3636 sonet
484 3574 518 3631 to
531 3586 561 3633 et
574 3573 715 3653 significat
728 3575 869 3652 quontodo.

204 3680 252 3761 (Ι)
271 3686 436 3749 Partienlns
454 3685 554 3747 finales
573 3689 656 3748 binns
681 3688 764 3748 simui
787 3686 930 3765 compingi
951 3685 989 3745 ed
1008 3687 1094 3746 robur
1111 3694 1141 3747 et
1162 3685 1340 3758 varietatem,
1361 3704 1438 3765 saepo

169 3802 299 3879 vurmuq
320 3801 365 3863 sie
386 3778 427 3862 d
451 3777 506 3871 it,
529 3774 569 3857 dt
600 3779 708 3873 3,ss
743 3776 795 3872 R,
822 3774 863 3861 ἃ
886 3775 941 3871 it,
964 3779 1005 3859 it
1028 3780 1085 3869 E,
1109 3775 1149 3862 ᾗ
1174 3779 1216 3860 E
1238 3823 1246 3858 ι
1271 3800 1438 3860 armeniam

167 3916 341 3994 quandoque
354 3913 513 3991 eonjnnctte
527 3923 685 3986 occurrunt,
702 3922 732 3973 nt
747 3914 795 3973 hic
814 3913 944 3983 habetur,
968 3914 1005 3974 nd
1025 3915 1193 3973 varietatem
1215 3912 1331 3985 scilicet,
1354 3912 1438 3972 etad

168 4027 291 4107 phrasim
313 4027 423 4104 onnjure
451 4046 516 4086 cnm
545 4047 632 4106 pausa
663 4027 869 4087 affirmandam.
900 4024 1034 4087 Ceterum
1054 4034 1122 4086 sunt
1144 4046 1216 4103 qnos
1237 4006 1437 4104 particularum

168 4140 330 4219 hujusmodi
363 4140 490 4200 luxuries
516 4140 647 4202 nonnihil
673 4140 801 4213 offendit,
827 4140 974 4217 magisque
991 4140 1075 4218 juret
1095 4141 1218 4200 severior
1240 4139 1437 4199 hittoricorum

167 4256 315 4331 solaciolum
339 4255 419 4314 vena
439 4254 588 4314 hominnm
608 4254 725 4332 ingenia
745 4279 753 4317 a
772 4273 818 4314 res
837 4272 905 4329 ergo
928 4253 1044 4312 minoris
1064 4261 1109 4313 est
1122 4252 1268 4315 momenti.

204 4361 250 4439 (tl)
273 4346 314 4431 iffi
334 4346 376 4430 K
390 4377 420 4429 et
441 4346 481 4430 iii
504 4343 539 4426 iil
561 4368 617 4428 dno
638 4375 751 4428 ersrrto
771 4376 887 4426 centum
914 4367 1003 4428 tribus
1025 4366 1169 4427 territoriis
1188 4342 1272 4439 (flii),
1293 4386 1358 4445 qum
1381 4365 1437 4425 sibi

168 4483 258 4542 univit
270 4482 409 4544 secundm
422 4482 577 4562 imperator
589 4491 700 4559 quartae
720 4480 878 4558 ‹lynestiee3
895 4481 932 4539 ed
945 4480 1104 4558 divergium
1116 4481 1205 4541 crocei
1220 4477 1345 4540 fluminis
1361 4478 1436 4556 posi·

169 4603 206 4667 te,
221 4595 342 4658 aiterum
354 4596 392 4657 nd
406 4595 531 4656 fluminis
544 4595 722 4656 ascendentis
742 4580 889 4669 orientem,
909 4593 1030 4655 alterurn
1044 4596 1119 4655 inter
1130 4594 1202 4655 duas
1215 4591 1341 4654 fluminis
1353 4589 1436 4653 ulnas

168 4708 262 4770 sitnm.
