3574 5664
549 515 646 560 carun
666 513 806 560 eorunm
819 530 861 544 -
872 484 947 558 rare
966 515 1128 559 roerrmoe
1410 503 1468 562 341

260 630 290 695 8.
315 629 479 695 consocius
493 629 535 693 ait
551 645 560 693 ι
578 628 695 708 sapiens
714 627 770 691 tria
791 635 861 691 suot
880 644 945 707 queo
964 635 1101 706 veretur,
1118 634 1238 693 veretur
1257 629 1324 694 coeli
1344 645 1468 705 numen,

205 750 325 810 seretur
340 759 471 825 magnos
486 742 576 819 viros,
595 748 713 806 veretur
729 742 905 805 Sanctorum
917 741 1017 806 rerba.
1038 741 1279 824 Volgarislromo
1290 758 1349 807 non
1360 757 1469 825 cogno·

207 859 262 923 scit
276 857 345 922 coeli
360 873 486 932 numen,
502 856 633 936 adeoone
649 871 704 921 nec
719 861 839 922 veretur
856 874 863 917 :
882 854 1035 935 parvifacit
1051 870 1177 939 magnos
1192 855 1283 933 viros,
1303 856 1472 921 ludificatur

209 972 387 1035 Sanctorum
404 969 505 1034 uerba.
1166 1044 1169 1052 ,

265 1085 297 1150 9.
319 1084 480 1148 Conlucius
494 1083 537 1147 alt
553 1102 561 1147 r
580 1082 630 1163 oui
646 1083 746 1146 nativa
761 1082 879 1164 sapiunt
894 1081 1049 1161 sapientia,
1074 1081 1162 1161 primi
1177 1088 1248 1146 sunt
1262 1083 1374 1148 ordinis
1393 1099 1401 1146 :
1421 1081 1472 1163 qui
1500 1087 1506 1099 '

210 1198 306 1263 studio
326 1196 484 1261 addiscunt
502 1212 580 1272 earn
604 1196 726 1261 secundi
745 1202 815 1267 suut
832 1215 840 1260 τ
858 1195 908 1275 qui
928 1194 1025 1260 obtusi
1045 1196 1165 1260 student
1179 1198 1215 1274 ei,
1242 1213 1347 1260 rursus
1366 1197 1403 1260 ab
1424 1195 1473 1261 lris

210 1310 332 1378 secundi
349 1330 356 1375 :
374 1310 426 1389 qui
441 1310 538 1375 obtusi
554 1320 584 1374 et
599 1325 658 1374 non
674 1311 805 1386 student,
824 1310 933 1391 uulgus
945 1308 1008 1407 jam
1023 1315 1182 1372 censentur
1196 1310 1331 1376 mimum
1350 1306 1405 1393 (l).

269 1425 319 1490 10.
344 1424 503 1489 uelocius
513 1425 574 1487 ait:
589 1423 707 1502 sapiens
721 1423 811 1488 habet
826 1438 932 1489 novena
948 1436 1055 1485 curas:
1073 1422 1103 1485 in
1113 1423 1180 1485 risu
1190 1423 1316 1490 intendit
1331 1423 1471 1500 claritati,

210 1538 313 1601 auditu
328 1537 454 1601 intendit
473 1536 640 1619 sagacitati,
665 1552 717 1600 ore
731 1536 857 1600 attendit
871 1536 1015 1611 comitati,
1039 1536 1142 1600 habitu
1162 1537 1288 1599 attendit
1308 1537 1472 1613 modestiae,

210 1651 310 1717 uerbis
324 1650 449 1714 attendll
471 1650 615 1727 fidelitati,
639 1649 804 1715 actionibus
818 1650 945 1713 intendit
966 1648 1123 1725 sedulitati,
1150 1649 1289 1713 dubitans
1303 1650 1415 1732 cogitat
1429 1649 1473 1713 in·

211 1771 377 1848 terrogas,
408 1762 541 1829 irascens
566 1764 678 1847 cogitat
704 1770 843 1829 uentura
870 1762 1068 1839 incommoda,
1099 1763 1203 1829 videns
1224 1765 1340 1828 lucrum
1362 1762 1476 1846 cogitat

209 1878 367 1959 justitiam.

272 1993 323 2057 tl.
345 1990 557 2056 douluciusait
569 2011 576 2055 :
589 1991 766 2072 aspicientes
777 1989 901 2067 honum,
913 1989 1283 2071 quasincqueantassequl
1296 1986 1352 2073 (ip
1369 1989 1474 2069 aspici·

212 2112 297 2170 entes
304 2106 428 2181 malum,
438 2105 522 2183 ouasi
530 2104 868 2187 tangerentbullicntem
876 2119 985 2184 apuam
995 2124 1002 2167 :
1013 2119 1070 2186 ego
1077 2103 1136 2168 ridi
1145 2102 1313 2183 huiusmodi
1324 2103 1473 2180 homines,

213 2235 270 2302 ego
284 2218 383 2282 audiri
399 2217 568 2298 lunsmudi
583 2217 784 2299 proverbium.
806 2215 846 2282 dt
859 2218 1011 2283 latitantes
1025 2217 1104 2283 douri
1119 2218 1157 2280 ad
1172 2216 1322 2281 rimandas
1337 2231 1408 2279 snas
1422 2232 1475 2280 no·

214 2333 321 2408 dono,
340 2338 371 2395 et
385 2338 557 2396 exercentes
571 2331 740 2411 equitatem
755 2329 792 2392 ad
807 2331 987 2409 prodendam
1003 2346 1087 2394 suam
1103 2330 1276 2407 doctrinam,
1304 2344 1361 2413 ego
1376 2329 1476 2396 audivi

214 2445 384 2527 huiusmodi
399 2445 600 2525 proverbium,
618 2445 749 2510 nondum
765 2443 824 2507 vidi
840 2444 1009 2522 hujusmodi
1024 2444 1160 2508 homines
1177 2439 1232 2528 (3).

272 2558 325 2623 12.
348 2558 414 2621 'l‘si
429 2558 511 2641 lling
530 2558 654 2641 regulus
674 2557 800 2621 habebat
820 2572 964 2636 equorum
985 2558 1067 2622 mille
1086 2556 1264 2638 quadrigas
1288 2556 1392 2621 mortis
1414 2558 1474 2633 die,

216 2672 341 2753 populus
360 2672 475 2735 nullam
494 2672 607 2736 invenlt
627 2672 780 2746 virtutem,
798 2686 887 2750 quam
903 2669 1077 2735 celebraret.
1099 2670 1140 2734 Pe
1159 2672 1168 2733 i
1188 2676 1219 2734 et
1233 2670 1314 2734 Glrou
1331 2669 1382 2733 t‘si
1397 2670 1477 2734 fame

218 2786 368 2866 perierunt
387 2785 426 2849 ad
445 2784 555 2850 montis
574 2785 674 2849 Glreou
695 2800 776 2868 paug
797 2784 943 2859 radiccm;
967 2785 1094 2864 populus
1115 2799 1210 2863 nsque
1231 2783 1261 2847 in
1284 2799 1414 2863 presens
1428 2799 1476 2847 ce·

218 2899 311 2964 lebret
328 2898 408 2962 illos.
442 2922 455 2955 α
474 2899 552 2964 Vere
571 2913 630 2963 non
650 2903 756 2978 pensat
775 2896 904 2972 divitias,
928 2898 980 2961 sed
994 2898 1091 2961 solum
1109 2903 1214 2977 pensat
1234 2896 1440 2965 excellentiam
1458 2920 1474 2952 s

218 3012 288 3076 illud
304 3027 403 3075 nonne
418 3012 454 3076 de
468 3012 516 3075 lris
530 3012 642 3078 dictum
660 3008 725 3095 (lit

275 3127 326 3189 13.
350 3125 465 3189 'l‘chcn
482 3126 564 3207 lang
580 3131 789 3205 percunctatus
803 3140 820 3187 a
840 3121 880 3188 Pe
895 3140 933 3207 pu
949 3119 991 3187 ait
1008 3143 1015 3187 :
1034 3130 1066 3186 tu
1081 3139 1170 3204 porro
1190 3122 1358 3187 habuistine
1378 3128 1475 3185 eutra-

219 3238 397 3303 ordinarianr
412 3237 614 3303 auditionem?
635 3237 827 3318 Respondeas
841 3237 882 3300 ait
900 3256 907 3299 ε
925 3237 1066 3304 nondum.
1097 3237 1174 3301 Olim
1190 3253 1256 3301 corn
1274 3237 1355 3300 solus
1369 3242 1474 3312 staret,

220 3367 275 3435 ego
291 3351 323 3415 ti
338 3351 482 3416 festinans
503 3352 661 3431 pertransii
675 3353 791 3427 aulam;
814 3351 911 3430 inquit
928 3371 935 3414 :
954 3352 1093 3415 studesne
1115 3350 1207 3415 odisr
1223 3349 1359 3429 respondi
1376 3366 1384 3411 :
1403 3363 1476 3412 non·

220 3466 299 3529 dum.
322 3464 385 3529 Nisi
400 3465 520 3548 studeas
538 3463 691 3540 Versibus,
709 3481 767 3531 non
783 3463 905 3529 habebis
920 3464 998 3528 unde
1013 3464 1154 3544 loquaris.
1180 3466 1243 3546 Ego
1260 3462 1293 3525 Li
1309 3461 1426 3537 recessi,
1447 3467 1479 3526 et

220 3578 317 3642 studui
335 3578 488 3643 Versibus.
514 3576 616 3643 Altera
631 3578 689 3654 die,
706 3595 774 3643 curn
790 3579 879 3643 etiarn
894 3580 976 3642 solus
992 3583 1095 3653 staret,
1112 3592 1170 3658 ego
1185 3578 1217 3640 li
1233 3590 1396 3657 properans
1410 3590 1478 3654 pcr-

220 3692 323 3755 transii
336 3707 452 3767 oecum3
474 3692 570 3770 inquit
587 3710 594 3754 :
612 3692 751 3755 studesne
767 3691 904 3756 Ritibusi
928 3690 1096 3770 Respondit
1113 3690 1256 3755 nondum.
1279 3688 1342 3754 Nisi
1357 3688 1479 3753 studeas

221 3804 347 3882 Ritibus,
378 3820 438 3868 non
459 3803 583 3869 habens
607 3804 684 3868 unde
708 3805 864 3868 consistas.
899 3804 963 3885 Ego
985 3803 1019 3867 Li
1041 3804 1151 3868 recessi
1172 3810 1202 3868 et
1224 3803 1323 3867 studui
1347 3802 1476 3867 Ritibns.

260 4292 304 4376 (1)
324 4282 364 4365 2
379 4302 512 4381 designet
524 4303 702 4381 sapientiam.

259 4407 304 4485 (2)
323 4416 371 4477 Ita
385 4416 524 4495 arripiunt
537 4415 640 4476 festini.

259 4522 303 4602 (8)
324 4529 466 4593 Exeruere
487 4530 660 4607 equitatem,
684 4530 714 4588 in
729 4529 841 4609 publico
862 4529 969 4591 scilicet
989 4550 1112 4604 munere,
1132 4550 1189 4608 qno
1207 4529 1285 4590 dorni
1304 4526 1480 4607 investigate

218 4654 292 4707 recte
305 4643 487 4724 gubernandi
499 4643 572 4702 ratio
587 4643 655 4703 foris
669 4643 813 4720 probatur.

256 4752 302 4833 (4)
321 4758 454 4821 Effetum
468 4776 506 4817 ex
521 4755 655 4817 Carmine
668 4749 680 4826 (
692 4756 734 4817 II.
749 4748 820 4828 34.)
832 4757 990 4819 adducitur.
