3524 5652
591 495 687 540 carun
706 495 838 539 marram
850 513 891 526 -
903 496 977 540 rans
997 497 1086 542 raros
1423 488 1483 549 453

212 626 336 677 currere
351 626 431 691 equo
446 615 477 675 et
492 615 619 674 tractare
638 610 772 693 gladium
790 631 796 672 :
815 628 895 675 nnnc
909 627 981 676 vcro
996 613 1093 693 patrui
1114 614 1221 680 iratres
1242 631 1404 697 omnesque
1419 633 1482 682 ma·

214 726 362 808 gistratus
377 739 438 789 non
448 730 519 787 sunt
528 723 564 787 dc
578 739 624 788 me
635 725 781 801 couoenti;
799 724 889 789 timeo
899 741 937 788 ne
946 725 1010 805 ipse
1020 742 1079 791 non
1092 728 1202 806 possim
1213 729 1335 812 defungi
1349 731 1380 793 in
1396 730 1484 813 gravi

215 839 359 921 negotio:
374 846 406 901 tu
422 853 477 917 pro
492 853 540 901 me
554 837 706 919 interroga
722 837 892 901 blentsium.
915 839 971 902 Jan
986 855 1062 922 ycou
1077 840 1185 906 iterum
1202 843 1305 923 petivit
1319 843 1440 908 cheou
1454 849 1485 908 et

216 951 416 1035 interrogavit
431 950 599 1015 blentsium.
625 950 768 1014 Mentsius
783 950 825 1014 ait
837 971 844 1015 ε
858 950 915 1028 ita;
929 959 960 1015 at
971 968 1030 1016 non
1045 953 1132 1017 debet
1146 955 1265 1020 aliunde
1280 973 1413 1036 quarere
1425 953 1481 1041 (l).

216 1065 377 1130 Conlucius
397 1064 463 1127 ait:
485 1062 643 1144 «principe
662 1063 810 1141 defuncto,
833 1065 1052 1143 dependebatur
1067 1082 1084 1129 a
1101 1068 1241 1146 primario
1257 1069 1393 1135 ministro
1409 1070 1456 1146 (2)
1474 1088 1483 1133 ε

217 1179 314 1243 luteres
334 1177 475 1243 sorbebat
494 1192 612 1260 oryzam
635 1176 789 1256 liquidam,
806 1178 896 1242 iacies
910 1178 1027 1244 intense
1041 1179 1253 1262 nigricauerat,
1270 1182 1370 1246 adibat
1384 1183 1485 1248 sedem

218 1300 248 1357 et
262 1290 500 1367 lamentabatur;
525 1290 686 1371 promiscui
708 1290 902 1373 magistratus
924 1291 1126 1373 habentesque
1148 1296 1376 1374 praefecturam,
1397 1311 1486 1360 nemo

218 1405 347 1469 audebat
361 1419 421 1469 non
437 1404 565 1480 tristari;
584 1403 706 1483 praeibat
720 1404 799 1468 euim
815 1404 884 1468 illis.
910 1405 940 1468 Si
955 1407 1124 1484 superiores
1139 1408 1249 1471 babent
1263 1409 1375 1488 aliquid
1390 1408 1484 1485 cordi,

218 1518 376 1583 irnleriores
400 1518 480 1581 baud
504 1516 591 1581 dubie
616 1516 767 1581 habebunt
791 1517 889 1603 magis
908 1519 954 1597 (3)
971 1538 979 1580 :
997 1519 1139 1598 sapientis
1162 1521 1270 1598 tintus,
1296 1529 1404 1586 ventus
1423 1528 1485 1599 est;

220 1631 405 1712 plebeiorum
430 1631 584 1696 bominum
608 1631 715 1705 virtus
742 1630 833 1694 herba
854 1632 983 1707 scilicet;
1007 1631 1111 1709 herba,
1138 1634 1297 1716 ingruente
1311 1635 1368 1715 ipsi
1383 1642 1486 1712 rento,

220 1745 390 1811 necessario
416 1744 543 1809 flectitur
564 1745 656 1823 (4).»
680 1742 714 1806 ld
729 1759 819 1823 penes
833 1754 880 1808 est
895 1745 995 1808 tbroni
1017 1747 1186 1810 haeredem.
1215 1748 1270 1812 Jan
1287 1763 1362 1830 yeou
1385 1749 1489 1813 retulit

221 1874 415 1938 responsum;
433 1856 534 1921 tbroni
548 1859 644 1921 haeres
658 1856 700 1919 ait
713 1876 720 1919 :
733 1856 846 1936 utique,
860 1858 970 1922 iduare
986 1874 1076 1937 penes
1086 1875 1134 1924 me
1144 1868 1201 1924 est.
1218 1860 1354 1940 Quinque
1369 1877 1488 1926 menses

221 1970 400 2036 inhabitarit
414 1971 610 2055 tuguriolum,
627 1970 752 2034 necdum
766 1971 820 2034 luit
830 1972 1002 2034 mandatum
1013 1973 1061 2035 vel
1071 1972 1261 2042 interdictum
1271 1975 1329 2051 (5);
1343 1981 1374 2039 et
1383 1990 1488 2039 omnes

222 2084 419 2168 magistratus
432 2089 521 2164 atque
536 2082 803 2165 consanguinitatis
818 2084 954 2148 homines
968 2093 1139 2150 annuerunt
1148 2088 1356 2167 appellandum
1368 2088 1489 2152 nomine

222 2198 309 2279 periti
338 2198 395 2276 (6).
429 2198 484 2262 Ubi
505 2203 627 2262 ventum
649 2197 686 2261 ad
708 2198 900 2276 sepulturam,
927 2206 1086 2277 equatuor
1111 2200 1283 2283 regionibus
1308 2217 1488 2266 concursum

222 2319 268 2377 est
282 2319 419 2392 spectare
433 2311 518 2375 illum
531 2330 538 2373 :
552 2311 589 2376 ad
603 2310 687 2379 latici
701 2310 882 2390 squalorem,
901 2311 1045 2392 datusque
1060 2313 1260 2392 acerbitatem,
1280 2315 1490 2395 exsequiantes

222 2440 406 2508 magnopere
421 2424 517 2507 gavisi
531 2402 611 2488 sunt.

280 2541 312 2602 3.
336 2539 523 2621 T‘engWen
535 2537 672 2619 princeps
687 2538 892 2616 postulavitde
905 2538 1138 2604 administrando
1154 2556 1258 2623 regno.
1277 2541 1487 2606 lientsiusait:

222 2652 325 2732 populi
348 2651 501 2734 negotium
522 2667 581 2715 non
601 2651 688 2715 debet
710 2651 833 2715 remisse
848 2653 898 2734 agi
916 2648 969 2735 (7).
994 2652 1056 2715 Oda
1074 2652 1114 2737 (l.
1135 2651 1230 2737 tet.)
1247 2655 1313 2719 ait:
1336 2655 1490 2718 «interdiu

222 2765 344 2846 quidem
365 2766 403 2829 ad
425 2770 599 2841 stramenta,
626 2771 715 2829 noctu
735 2780 807 2829 uero
829 2766 956 2829 cbordas
977 2771 1169 2845 torqueamus
1192 2783 1411 2848 :properemus
1426 2770 1492 2832 baec

221 2880 424 2944 conscendere
439 2884 528 2954 tecta,
545 2893 614 2943 ecce
628 2877 827 2957 incipiendum
842 2878 1035 2942 disseminare
1050 2886 1170 2943 centurn
1186 2880 1288 2963 lruges
1297 2878 1350 2965 (8).
1360 2906 1374 2936 a
1386 2881 1491 2960 Populi

223 2994 289 3057 baec
298 2999 345 3057 cst
355 2994 414 3070 lert,
432 2998 463 3055 ut
479 2992 592 3056 babens
606 2997 746 3055 constans
761 2990 971 3070 patrimonium
982 2999 1012 3056 et
1022 2993 1129 3056 babeat
1144 3000 1329 3059 constantem
1342 2995 1489 3071 animum,

223 3254 349 3334 degebat
362 3256 394 3313 iu
407 3253 558 3334 tuguriolo,
577 3261 606 3313 et
619 3271 669 3332 per
683 3252 712 3313 id
726 3251 861 3331 temporis
882 3271 940 3310 non
954 3249 1124 3329 loquebatur
1139 3276 1147 3317 t
1162 3253 1225 3312 ideo
1239 3252 1348 3313 nullium
1368 3253 1492 3312 alierum

225 3369 289 3429 luit

265 3472 312 3550 (6)
332 3480 449 3541 Phrasis
462 3501 563 3540 mance
575 3480 693 3540 videtur.
717 3479 822 3541 Sensus
835 3488 886 3552 eet,
901 3498 998 3542 omncs
1011 3477 1092 3537 illum
1110 3478 1213 3539 habere
1232 3480 1340 3541 rituum
1359 3479 1492 3558 peritum.

267 3591 314 3668 (7)
333 3593 435 3673 Populi
447 3595 595 3672 negotium
607 3594 714 3657 scilicet
727 3594 914 3671 egrioultnra3
929 3600 959 3652 et
978 3612 1092 3659 carmen
1103 3593 1253 3653 adducitur
1263 3592 1299 3652 ad
1313 3591 1493 3671 probandum

228 3727 289 3767 rem
301 3719 415 3768 mature
427 3726 488 3767 esse
501 3706 701 3784 peragendam.

269 3812 316 3892 (8)
335 3822 413 3881 Dum
427 3821 570 3897 agrarium
591 3827 705 3879 vacaret
717 3838 797 3897 opus,
818 3821 933 3880 urrbanis
952 3819 1128 3880 domunculis
1147 3818 1334 3880 comedebant
1351 3815 1494 3896 agricolre,

230 3943 260 3996 et
272 3944 341 3995 tunc
353 3930 478 3994 collectis
489 3933 625 4010 tortisque
639 3934 802 3992 stramentis
816 3952 911 3993 aarum
925 3941 1002 3993 tecta
1014 3931 1184 3993 reficiebant.
1202 3932 1238 3991 ld
1252 3941 1348 3992 autem
1364 3929 1495 4009 perlicere

230 4048 373 4119 festinant,
388 4054 422 4105 ut
436 4045 475 4105 ad
487 4047 647 4124 proximam
661 4046 733 4105 reris
746 4044 949 4123 agriculturam
963 4047 1021 4104 sint
1035 4047 1137 4123 parati.
1157 4079 1199 4092 -
1212 4045 1293 4104 Nota
1306 4044 1378 4104 illud
1395 4023 1435 4104 W
1449 4043 1495 4104 bis

230 4162 389 4240 repetitum,
414 4158 539 4220 atlverbil
562 4178 653 4234 more3
676 4156 803 4235 illudque
819 4140 862 4219 †
875 4158 933 4219 iere
953 4156 1115 4235 significans
1138 4178 1230 4217 comm
1254 4159 1389 4237 colligere.
1414 4156 1495 4217 Nota

230 4276 314 4336 etiam
327 4273 400 4334 illud
417 4252 458 4336 Ξ
472 4270 648 4331 adlaturam
660 4269 827 4331 auxiliarem
841 4290 928 4350 prope
941 4272 1085 4332 accedens
1102 4247 1145 4330 Ξ
1157 4273 1234 4332 enim
1248 4271 1359 4350 proprie
1370 4257 1421 4331 K‘i
1430 4289 1496 4349 pro-

227 4389 387 4461 nuntiatur,
405 4394 437 4446 et
452 4385 483 4446 1⁰
497 4392 542 4445 est
554 4403 719 4462 pronomen,
741 4385 904 4463 gaudetque
924 4384 1035 4444 nomini
1056 4385 1198 4463 postponi,
1216 4391 1250 4446 ut
1262 4383 1391 4457 vidimus,
1411 4389 1441 4443 et
1452 4382 1495 4443 sio

226 4503 378 4567 sententiae
390 4518 496 4579 augere
506 4498 578 4576 rim3
592 4498 730 4577 significat
740 4498 827 4557 etiarn
835 4498 924 4559 talam
934 4496 1026 4574 qualis
1034 4498 1125 4569 decet,
1139 4497 1283 4576 proprium
1294 4520 1303 4558 a
1315 4498 1348 4556 2⁰
1357 4495 1495 4574 exprimit

225 4616 383 4696 aliquando
397 4613 489 4675 animi
504 4620 602 4673 rutum
616 4634 625 4672 ε
638 4612 671 4674 3⁰
683 4620 726 4673 est
738 4611 827 4672 etiam
838 4610 935 4673 littera
948 4609 1102 4671 auxiliaris.
1131 4610 1253 4681 Quodsi
1266 4609 1307 4669 Ki
1322 4588 1377 4671 «Ξ
1388 4615 1440 4667 aut
1453 4607 1494 4667 Ki

228 4709 285 4797 πὶ
289 4727 537 4815 pronuntiabitur,
550 4734 620 4788 tuno
630 4723 791 4787 orit'finalis
803 4734 856 4786 aut
868 4724 1021 4806 expletiva,
1036 4731 1068 4784 ut
1080 4742 1156 4805 sepe
1168 4725 1200 4784 in
1215 4722 1349 4785 Carmine
1362 4719 1492 4782 occurrit.
