3572 5650
668 511 758 551 vsan
782 509 946 553 mossarum
1402 492 1440 553 57

172 650 267 717 caput
289 646 468 716 protoparens.
496 634 690 714 Unaquaeque
703 635 770 696 aula
783 615 845 706 (ἕ
856 627 870 707 )
882 637 1031 715 spectabat
1045 646 1181 711 austrum,
1196 639 1278 716 eique
1301 640 1441 717 posticum

171 751 381 812 adnectebatur
394 750 508 827 adytum
521 744 535 823 (
546 727 610 817 ff)
622 772 631 810 ι
644 751 676 809 in
689 750 764 826 aula,
779 750 885 810 tabella
899 750 983 819 inias,
996 753 1042 811 cui
1056 760 1117 812 erat
1131 772 1219 823 saera,
1229 753 1332 811 orienti
1346 753 1445 812 obser

169 865 311 941 tebatur3
326 865 438 941 adytum
447 865 620 925 recondebat
628 864 830 943 supellectilem
841 865 972 924 sacrificio
983 866 1178 926 neeessariam.
1190 865 1239 935 At,
1250 865 1303 926 sub
1315 865 1442 940 Tcheou,

169 978 385 1056 protoparentis
403 976 468 1037 aula
482 980 634 1039 constabat
649 981 675 1036 1.
696 980 795 1037 enticis
817 979 913 1055 portis,
935 997 1000 1055 quaa
1020 980 1183 1058 imperatori
1209 981 1336 1056 quinque
1349 987 1441 1053 erant,

168 1100 205 1150 ut
217 1092 348 1151 dicemus
361 1089 438 1161 alias,
457 1091 564 1171 regulis
581 1100 648 1166 tres,
669 1091 811 1169 toparchia
829 1092 892 1151 dure
906 1115 914 1169 3
928 1096 954 1152 2.
974 1094 1116 1152 anteriore
1131 1092 1236 1170 templo
1251 1069 1292 1154 ᾗ
1307 1115 1315 1168 3
1331 1095 1358 1152 3.
1380 1112 1445 1171 pos·

168 1205 282 1264 teriora
295 1204 381 1279 adyto
395 1181 438 1264 ff
451 1229 459 1281 3
473 1209 500 1265 4.
521 1207 636 1284 posticis
649 1205 757 1265 adibus
773 1183 815 1264 Ξ
828 1226 836 1264 2
850 1205 895 1265 hae
908 1214 990 1264 eraut
1003 1207 1175 1282 quadratum
1190 1205 1344 1274 edificium,
1362 1207 1442 1284 cnjus

168 1327 301 1394 quatuor
320 1316 407 1377 latera
421 1318 566 1378 habebant
585 1318 697 1397 singula
711 1336 801 1379 unum
816 1318 921 1377 ostium
938 1297 974 1373 ᾗ
992 1319 1068 1379 inter
1080 1321 1151 1379 duas
1168 1319 1306 1377 fenestras
1322 1292 1362 1381 fl
1379 1330 1444 1394 ;ta·

168 1430 256 1491 bellae
279 1429 421 1490 translatae
441 1430 654 1492 collocabantur
666 1432 704 1491 ad
716 1432 793 1493 latus
809 1430 983 1492 occidentale
997 1433 1101 1492 orienti
1124 1434 1257 1492 obversa.
1284 1430 1352 1491 Sola
1365 1432 1442 1490 euim

167 1543 241 1603 aula
270 1546 475 1622 protoparentis
488 1546 584 1606 stabat
596 1545 728 1624 perennis
742 1569 750 1622 3
763 1546 850 1606 ceteri
871 1546 1024 1605 succesum
1037 1547 1117 1606 novis
1138 1545 1280 1605 defunctis
1292 1543 1385 1603 locum
1399 1565 1446 1604 ce·

167 1658 291 1729 debant,
305 1658 348 1715 ita
360 1665 402 1731 ut,
416 1676 483 1735 rege
504 1667 626 1731 mortuo,
640 1660 688 1718 avi
710 1659 817 1720 tabella
831 1659 868 1718 ad
883 1658 966 1717 abavi
987 1660 1091 1733 sedem,
1114 1659 1197 1719 abavi
1210 1677 1276 1717 vero
1292 1658 1329 1717 ab
1346 1659 1445 1718 trisevi

168 1770 271 1832 sedem
284 1771 483 1831 transferretur
496 1766 509 1841 (
520 1747 593 1845 iffi),
608 1772 706 1831 trisari
726 1782 820 1831 nutem
835 1770 941 1832 tabella
955 1772 992 1831 ad
1004 1774 1128 1851 posticas
1140 1754 1350 1851 protoparentis
1367 1771 1445 1831 redes

167 1885 201 1943 in
223 1882 401 1944 occidentale
425 1883 501 1946 latus
522 1893 715 1963 asportaretur
734 1865 814 1957 (dd
828 1873 917 1949 t‘iao)
932 1908 940 1944 τ
955 1906 1030 1944 novo
1053 1888 1124 1947 item
1146 1905 1214 1963 rege
1233 1891 1355 1956 mortuo,
1377 1903 1445 1963 pana

168 1999 294 2058 dextera
307 1997 482 2070 mutabatur,
498 1999 646 2075 atqueita,
661 2009 798 2077 utusque
815 2018 866 2058 sex
879 2000 1023 2076 propiores
1041 2000 1234 2077 progenitores
1253 1998 1444 2075 pemistereut,
1481 2033 1487 2042 ·

169 2109 223 2169 alii
232 2130 302 2170 vero
311 2111 470 2170 remotioris
476 2112 539 2188 jam
553 2107 830 2190 consanguinitatis(
842 2083 935 2172 ᾗῇ
943 2104 958 2183 )
966 2114 1003 2173 ab
1012 2112 1079 2173 aula
1088 2119 1281 2173 everterentur
1294 2085 1358 2181 (ᾗ
1369 2090 1412 2174 ᾗ
1420 2101 1443 2175 ).

169 2223 216 2284 Ar
237 2244 305 2284 cum
327 2222 401 2282 Weu
415 2232 445 2282 et
467 2225 512 2286 0u
526 2243 626 2303 regum
648 2225 760 2287 tabella
780 2226 887 2287 fuerint
907 2227 1096 2303 asportanda,
1110 2227 1147 2286 ob
1164 2223 1274 2301 inclyta
1293 2222 1445 2283 hominum

170 2338 287 2409 merita,
311 2356 449 2415 perennes
464 2338 537 2399 aulae
550 2340 696 2417 speciatim
717 2341 785 2419 ipsis
805 2340 905 2419 positae
926 2348 993 2399 sunt
1015 2315 1077 2411 (lh
1093 2317 1164 2410 Ξ),
1179 2337 1215 2396 ad
1236 2355 1307 2413 quas
1329 2335 1445 2396 tabellae

170 2449 239 2510 dein
253 2450 522 2527 transmigrantium
540 2453 768 2531 asportabantur,
789 2453 865 2513 Wen
879 2471 945 2531 rege
959 2453 996 2511 ad
1009 2453 1157 2511 dexteram
1171 2448 1185 2521 (
1193 2425 1234 2511 ᾗ
1243 2442 1264 2522 ),
1277 2450 1390 2526 filioque
1406 2449 1445 2508 ad

171 2564 322 2623 anacam
334 2562 346 2632 (
357 2544 397 2623 llil
408 2554 420 2626 )
433 2567 593 2637 constituto,
606 2574 635 2624 et
648 2567 689 2626 sic
702 2587 803 2626 novem
823 2565 1011 2626 antehabita
1024 2540 1165 2636 suntUt
1181 2545 1222 2628 fi
1232 2554 1252 2635 ),
1266 2581 1325 2621 uua
1338 2562 1446 2621 scilicet

171 2677 382 2754 protoparenti,
395 2676 460 2737 (luae
473 2676 672 2739 fundatoribus
685 2670 699 2750 (
711 2691 750 2708 ·'··
767 2660 810 2745 ᾖ
827 2663 867 2732 Ξ
882 2658 954 2750 53),
968 2698 1019 2739 sex
1033 2677 1266 2757 progenitoribus.
1288 2675 1346 2736 Sed
1359 2694 1446 2753 gene·

172 2790 261 2848 ratim
274 2790 454 2867 imperatoris
467 2790 615 2851 delubrum
627 2802 737 2870 septem
750 2794 875 2853 habebat
889 2792 968 2852 aulas
981 2817 989 2869 3
1004 2791 1164 2869 regulorum
1178 2796 1285 2862 autem,
1299 2790 1446 2865 quirrque3

173 2902 389 2981 toparcharum,
403 2911 461 2963 tres
474 2927 483 2981 3
496 2905 692 2983 prefectorum
704 2886 743 2967 .l.'
762 2881 812 2979 Ilf,
827 2906 914 2982 duas3
928 2905 1105 2965 literatorum
1119 2881 1159 2965 ’f
1177 2877 1227 2973 ffi,
1242 2922 1338 2962 unam.

214 3019 248 3074 Υ
259 3016 297 3075 In
310 3017 446 3093 primaria
459 3016 535 3089 aula,
548 3016 624 3078 solus
637 3020 791 3098 imperator
805 3019 941 3079 offerebat
960 3016 1170 3094 quinquennale
1188 3014 1352 3074 saculioium
1365 3013 1378 3085 l
1390 2994 1447 3076 ἦ)

175 3122 221 3189 rit
242 3129 341 3207 stirpis
363 3133 564 3207 protoparenti,
585 3132 701 3209 ejusque
721 3133 853 3208 genitori,
867 3132 913 3190 cui
934 3141 1004 3192 tunc
1017 3129 1225 3208 protoparentis
1238 3126 1344 3187 tabella
1360 3146 1445 3189 suum

176 3242 298 3302 cedebat
310 3242 404 3300 locum
417 3243 518 3302 orienti
540 3245 699 3318 obversum,
720 3254 749 3304 et
764 3245 801 3304 ad
814 3247 1044 3323 septentrionem,
1064 3252 1190 3303 austrum
1210 3259 1305 3299 versus
1327 3243 1447 3302 transfe·
1510 3304 1512 3309 ⁴

175 3357 293 3416 rebatur
307 3378 315 3415 ε
328 3355 370 3414 sic
385 3355 470 3415 Heou
484 3358 522 3415 tsi
535 3360 609 3434 patri
631 3378 683 3419 sno
707 3359 746 3417 Ti
766 3346 832 3416 k‘ou
847 3356 940 3417 locum
962 3357 1089 3417 cedebat.
1110 3359 1213 3417 Cetera
1226 3354 1360 3414 sacrificia
1373 3333 1444 3427 (lb)

176 3460 264 3539 hia),
285 3488 345 3527 uon
367 3477 450 3527 erant
470 3471 634 3548 imperatori
655 3479 806 3543 reseruata,
829 3480 858 3530 et
879 3471 1010 3530 bifariam
1023 3471 1270 3548 distinguebantur
1284 3488 1293 3525 r
1306 3469 1446 3530 triennale

176 3562 245 3655 (Ji
259 3560 326 3647 Ῑθ)
340 3581 512 3641 offerebatur
520 3586 712 3662 protopareuti
723 3592 752 3644 et
761 3585 890 3643 omnibns
900 3584 1135 3663 progenitoribus,
1146 3601 1261 3661 quorum
1274 3586 1344 3640 tuno
1358 3583 1448 3642 tabel-

177 3697 214 3757 lae
234 3697 265 3756 iu
285 3695 423 3773 prImaria
444 3695 512 3755 aula
531 3696 751 3769 collocabantur,
766 3697 834 3758 hinc
847 3707 876 3756 et
889 3698 954 3757 iude
968 3697 1006 3755 ad
1023 3698 1241 3774 septentrionem
1255 3702 1284 3752 et
1298 3705 1446 3757 armtrum:

177 3830 274 3869 annua
289 3784 355 3879 (ild
370 3786 437 3873 jd)
459 3810 650 3870 offerebantur
670 3811 863 3889 protopareuti
877 3821 906 3869 et
926 3828 977 3869 sex
998 3811 1233 3888 progenitoribus,
1253 3806 1356 3868 horum
1376 3812 1447 3870 item

176 3922 289 3983 tabellis
310 3923 349 3981 ad
369 3922 536 4000 primariam
557 3923 652 3983 aulam
675 3926 836 4002 asportatis,
855 3932 885 3984 et
897 3923 1154 4000 distinguebantur,
1174 3923 1257 4000 justa
1276 3923 1346 3981 anni
1360 3932 1448 3983 tetra·

175 4037 312 4110 chordou,
326 4039 357 4096 iu
373 4055 463 4093 verna
477 4015 553 4107 (dil
566 4028 625 4110 se),
634 4040 734 4099 aestiva
743 4043 754 4113 (
763 4016 818 4100 gij,
835 4037 879 4097 uel
893 4016 935 4101 fl
949 4057 987 4113 yo
998 4026 1017 4106 l,
1029 4036 1206 4097 autumnalia
1216 4009 1291 4105 (tff
1308 4023 1446 4114 t‘changl
1536 4081 1540 4089 .

174 4162 204 4212 et
218 4150 355 4212 hiemalia
368 4143 382 4223 (
390 4126 451 4211 (ᾗ
464 4142 597 4229 teheng).

212 4267 244 4326 3·
252 4265 291 4325 Iu
303 4265 394 4327 sacris
404 4263 566 4342 gentilitiis,
575 4276 651 4325 sorte
661 4265 820 4343 eligebatur
832 4265 882 4341 qui
894 4265 1092 4325 defunctonrm
1110 4283 1209 4325 menes
1221 4272 1446 4343 repraesentaret,

171 4360 376 4459 dicebaturque
386 4379 444 4438 che
456 4357 497 4438 Ρ
511 4396 560 4438 seu
571 4378 680 4453 Funus,
690 4390 725 4438 ut
733 4378 844 4437 romani
857 4378 980 4439 aiebant.
997 4376 1151 4456 Adjutorcs
1164 4378 1291 4439 sacrificii
1303 4375 1449 4456 eligeban-

169 4504 219 4554 tur
228 4514 338 4577 magua
345 4490 531 4572 jamlatioue
543 4493 573 4552 iu
589 4491 731 4573 imperiali
743 4490 876 4571 palestra.

632 4671 989 4727 Q*
