3524 5652
529 480 624 525 carun
645 480 789 533 quaaaruaa
801 497 842 510 -
854 479 928 523 aare
947 479 1037 524 aaron
1369 465 1429 524 loa

152 593 317 660 immutare
332 594 420 660 illud.
438 594 584 659 larminis
600 591 664 677 (ΠΙ.
680 591 747 678 tl.)
764 593 885 659 ebatum
904 615 911 658 :
933 595 1009 659 «Yn
1025 596 1180 675 speculum
1195 611 1253 659 noa
1270 604 1316 662 est
1332 612 1429 662 remo·

153 715 231 786 tum;
250 715 299 773 est
312 709 345 773 iu
361 710 417 774 llla
433 709 600 790 principum
616 709 881 791 generationibus»
900 709 929 773 id
945 707 1120 793 siguificat(
1142 707 1164 793 ).

211 825 244 888 3.
269 822 418 887 Meutsius
432 823 474 886 ait
491 842 498 886 :
518 829 579 886 tres
593 822 735 905 dynastiae
750 822 943 887 obtinuerunt
957 823 1115 903 imperium
1131 840 1184 903 per
1198 823 1428 898 humanitatem,

153 936 288 1017 ipsaeque
303 937 470 1000 amiserunt
490 935 649 1015 imperium
664 950 717 1015 pcr
731 935 979 1001 inhumanitatem
998 932 1051 1019 (i).
1077 936 1181 1019 Regna
1198 938 1276 1002 unde
1291 938 1432 1002 decidunt

154 1053 202 1114 uel
217 1050 338 1132 vigeat,
365 1056 526 1130 supersunt
550 1056 723 1147 peccuniae,
751 1049 880 1129 idipsum
895 1055 951 1114 est.
983 1049 1149 1130 Imperator
1172 1051 1431 1115 inhumanus-noa

154 1162 349 1228 conservabit
363 1168 492 1243 quatuor
507 1162 618 1239 maria;
635 1163 733 1244 reguli
748 1163 904 1227 inhumani
918 1179 978 1228 nou
994 1163 1213 1227 conservabunt
1234 1165 1386 1228 Tellurem
1402 1169 1433 1226 et

155 1277 297 1342 cererem
314 1275 375 1360 (3);
393 1275 521 1340 ministri
538 1283 568 1341 et
585 1278 735 1355 toparcha
756 1277 909 1341 inhumani
926 1292 986 1341 aon
1001 1277 1221 1341 muserrabunt
1234 1292 1359 1343 auorum
1381 1276 1432 1340 de·

155 1390 244 1455 lubra
263 1386 326 1474 (lm
344 1364 467 1454 litterati
482 1396 513 1454 et
527 1388 634 1470 plebeii
657 1390 793 1454 homines
810 1374 970 1454 ‘inhumani
985 1405 1045 1454 nou
1061 1391 1279 1455 conservabunt
1303 1398 1434 1470 mutuor

156 1503 304 1569 membra.
336 1505 429 1568 Porro
444 1504 656 1567 exhorrescere
677 1503 831 1567 interitum
846 1510 876 1567 et
892 1503 1033 1568 delectari
1056 1503 1273 1569 inhumanitate
1288 1512 1334 1569 est
1350 1504 1435 1567 velut

157 1617 258 1683 odisse
274 1616 449 1682 ebrietatem
464 1622 495 1683 et
510 1624 609 1681 umen
625 1616 807 1700 ingurgitari
821 1618 902 1682 vino.

217 1731 249 1796 l.
272 1730 418 1795 ldentsius
432 1731 493 1793 ait:
507 1730 537 1794 sl
552 1729 620 1810 quis
635 1745 740 1793 amaus
753 1730 895 1795 aliusnon
911 1732 1094 1808 redametur,
1112 1731 1331 1813 circumspiciat
1345 1746 1433 1795 suam

160 1845 378 1909 humanitatem
392 1864 398 1907 :
412 1844 438 1908 si
450 1843 528 1928 reqlt
542 1844 617 1908 alius
626 1850 657 1908 et
667 1859 726 1908 noa
741 1843 945 1927 corriguntur,
963 1845 1106 1925 rependat
1119 1859 1204 1910 suam
1219 1844 1408 1925 prudentiam
1423 1865 1431 1909 r

161 1957 315 2022 durbano
335 1957 445 2038 excipit
465 1959 540 2022 alios
554 1965 585 2022 et
606 1973 666 2022 nou
688 1957 879 2036 respondem,
903 1958 1053 2022 examinet
1074 1973 1159 2022 suam
1180 1959 1431 2038 obsequentiam:

161 2088 229 2137 cum
240 2070 318 2135 actio
328 2072 438 2152 aliquid
448 2087 509 2136 non
518 2072 698 2151 assequitur,
716 2071 1055 2136 omniaadsereuersus
1069 2071 1204 2152 exquirat
1215 2088 1232 2136 a
1244 2072 1405 2153 semetipso
1423 2092 1431 2136 ε

162 2186 226 2264 ejus
241 2199 368 2264 persona
383 2193 464 2250 recta
479 2185 529 2262 sit,
546 2191 577 2249 ot
590 2184 748 2265 inperium
764 2199 797 2248 se
810 2184 917 2250 subdet
930 2185 983 2249 illi.
1008 2184 1134 2251 Garmen
1150 2185 1211 2250 ait:
1227 2201 1370 2265 «semper
1384 2201 1433 2253 co·

163 2299 263 2381 gitam
277 2298 465 2380 acquiescere
480 2298 549 2364 coeli
565 2299 717 2374 mandato,
734 2298 789 2362 sibi
799 2298 926 2363 accersit
940 2300 1034 2364 multa
1050 2313 1224 2378 prospera».

221 2414 251 2477 5.
275 2413 419 2477 Mentsius
431 2413 493 2477 alt:
506 2412 642 2477 homiues
656 2410 767 2477 babent
780 2417 966 2479 constantem
976 2412 1134 2479 dictionem
1145 2419 1175 2477 et
1188 2414 1300 2494 passim
1310 2414 1431 2478 dicuat:

164 2526 333 2606 imperium,
352 2541 491 2609 reguum,
509 2525 640 2589 familia:
654 2525 769 2606 imperii
786 2525 869 2591 radix
885 2527 970 2591 estin
981 2541 1087 2608 regno,
1104 2526 1190 2608 regni
1206 2524 1434 2592 tundamentum

165 2646 210 2703 est
223 2639 255 2702 in
272 2639 394 2716 lamilia,
413 2638 531 2703 tamilla
547 2638 772 2703 laudamentum
787 2647 833 2702 est
847 2639 878 2703 iu
898 2654 1023 2719 persona
1041 2636 1096 2723 (5).

222 2753 250 2817 6.
277 2751 353 2817 illuc
376 2752 520 2817 Mentsius
541 2752 581 2815 ait
599 2771 607 2814 :
625 2767 716 2834 agere
740 2751 874 2834 regimen
899 2761 981 2821 caret
1005 2751 1175 2817 difficultate
1197 2773 1204 2816 ε
1229 2769 1267 2818 ne
1288 2752 1434 2834 suscipias

167 2865 357 2931 odensioaom
373 2866 449 2945 apud
466 2879 593 2951 magnas
607 2865 735 2930 ambas
751 2863 793 2950 (6)
808 2885 816 2930 :
834 2882 951 2949 magne
967 2866 1085 2931 lamillae
1100 2882 1188 2945 quem
1204 2874 1317 2943 amant,
1335 2874 1432 2933 totum

167 2995 292 3061 regnam
302 2979 491 3055 amatillum,
508 2985 662 3059 totumque
678 2995 806 3061 regnam
819 2995 908 3060 quem
921 2986 1011 3056 amat
1026 2979 1316 3059 etimperiumamat
1326 2981 1430 3046 illurn:

166 3092 274 3158 idcirco
289 3093 396 3173 pluria
410 3092 588 3157 abundantis
603 3092 698 3156 lustau
716 3092 836 3157 virtatls
855 3093 1031 3157 documenta
1051 3092 1243 3157 exundabant
1256 3093 1287 3157 iu
1303 3102 1434 3173 quatuor

168 3206 272 3270 maria.

224 3322 256 3383 7.
279 3319 423 3385 Meublus
437 3320 479 3383 ait
496 3339 503 3383 :
521 3335 590 3384 cum
605 3319 720 3399 imperii
735 3320 818 3402 viget
837 3321 918 3397 ordo,
943 3321 1041 3385 minor
1062 3320 1158 3401 mutus
1178 3321 1303 3385 inseruit
1324 3319 1432 3399 ruajorl

170 3432 281 3512 aiduh,
305 3433 403 3503 miuor
424 3432 568 3514 sapientia
590 3433 691 3499 subeu
713 3432 819 3512 majori
840 3434 991 3515 sapientiae
1009 3453 1016 3497 :
1034 3449 1104 3500 cum
1119 3433 1235 3515 imperii
1250 3433 1329 3513 jacet
1343 3434 1426 3512 ordo,

208 3906 251 3984 (1)
272 3917 423 3993 Dynustire
437 3912 486 3974 Yn
498 3914 625 3989 ultimas,
639 3915 801 3994 exemplum
815 3914 946 3977 hebetia
960 3915 1102 3993 dynastiae
1117 3917 1178 3977 Hie
1196 3915 1298 3977 ultimo
1311 3917 1434 3997 impera·

172 4034 239 4090 iore.

207 4134 253 4213 (2)
273 4143 465 4206 Obtinuonaut
487 4139 544 4212 Υιι,
565 4129 669 4220 Tang,
689 4139 1028 4214 moderandarum
1051 4140 1119 4216 illd,
1136 4141 1262 4215 Tcheou,
1277 4140 1370 4212 Yeou‚
1384 4143 1430 4206 Li.

208 4247 253 4325 (tl)
270 4254 367 4318 Terre
388 4255 561 4334 frugumque
583 4255 707 4334 apiriam
730 4255 834 4332 quibus
855 4254 968 4334 regulae
981 4253 1065 4315 litare
1086 4264 1206 4334 poterat,
1228 4275 1350 4336 reguum
1365 4278 1431 4319 oum

172 4368 266 4447 remo
278 4370 307 4431 in
321 4369 443 4431 tutelam
455 4369 578 4449 recipere
591 4375 622 4428 et
633 4369 761 4429 deserere
773 4369 948 4432 dicebantur.

210 4474 253 4552 (4)
270 4484 292 4545 J
293 4503 323 4545 ua
336 4485 367 4544 iu
382 4482 469 4544 aritia
481 4480 552 4543 aulis
564 4481 735 4561 pareatandi
749 4484 946 4560 prefectorum
959 4481 1092 4561 dignitati
1107 4481 1280 4544 adherebat.

210 4588 252 4666 (b)
271 4598 318 4659 Eu
330 4598 408 4659 ratio
421 4615 472 4656 car
483 4580 594 4674 seraper
606 4615 641 4657 eo
653 4595 751 4656 ordine
763 4597 820 4658 lria
832 4594 972 4658 voeabula
984 4594 1170 4674 proferantur.

209 4699 254 4782 (d)
271 4712 383 4775 Morum
397 4710 542 4791 prarimle
554 4727 592 4769 ne
604 4727 654 4772 eas
668 4709 804 4771 offendas.

245 4841 266 4884 aa
