3556 5664
573 480 670 526 carun
688 480 931 526 nonunt—raus
951 481 1114 526 rosrnnroa
1415 469 1475 527 855

196 590 341 669 moneris
364 592 530 675 lugientem
545 592 682 659 homines
697 594 860 659 litteratum
877 590 933 678 (1),
951 610 1049 659 nonne
1064 595 1157 658 satius
1172 592 1306 674 moueris
1325 593 1474 676 ingenus

200 704 347 768 seculum
365 705 559 786 philosophos
576 704 641 790 (ill
660 709 697 771 ln
711 706 834 772 ocmbat
848 723 950 772 semen
966 708 1036 788 quin
1052 708 1272 773 intermitteret.
1290 708 1349 771 Tse
1359 709 1408 771 lou
1419 707 1474 771 ivit

202 818 239 882 ad
265 818 508 900 significandum.
546 820 703 884 Gouiucius
727 821 816 886 corde
840 821 963 886 allectas
987 821 1195 885 exclamavit:
1220 837 1289 886 cum
1313 819 1418 885 avibus
1441 828 1473 886 et

204 931 447 1012 quadrupedibus
461 948 521 997 uon
537 948 695 1012 possumus
711 950 768 998 una
785 935 864 998 coire
886 934 1058 999 societatem
1076 954 1083 996 :
1101 950 1158 1017 ego
1173 935 1265 1017 igitur
1285 933 1343 997 nisi
1362 934 1470 998 horum

204 1045 361 1109 hominum
385 1045 488 1127 generi
509 1061 624 1122 coeam,
648 1048 695 1111 cui
716 1063 788 1112 nero
811 1047 947 1113 sociabor
963 1045 1030 1132 (llll
1050 1046 1081 1111 Si
1099 1046 1225 1127 imperio
1247 1046 1363 1130 vigeret
1383 1049 1468 1125 ordo,

205 1158 313 1223 K‘ieou
329 1159 371 1224 nil
387 1158 536 1224 conferret
550 1160 706 1225 mumioni
724 1158 778 1245 (4).

262 1275 292 1336 7.
317 1273 376 1336 Tse
391 1273 441 1336 lou
457 1273 527 1336 dum
543 1288 670 1352 sennem
685 1281 765 1340 retro
780 1275 950 1351 mansisset,
975 1274 1096 1340 offendit
1110 1275 1304 1357 gandavum
1318 1274 1417 1338 uirum
1432 1276 1470 1340 ad

206 1385 344 1450 baculum
366 1392 534 1468 gestantem
556 1385 711 1451 cistellam.
742 1389 801 1452 Tse
815 1389 866 1453 lou
886 1388 1077 1471 interrogans
1091 1389 1133 1451 nit
1150 1407 1157 1452 :
1176 1387 1306 1465 domine,
1331 1387 1470 1453 vidistine

206 1499 404 1582 magistmmt
424 1498 520 1564 Senex
535 1499 577 1564 ait
593 1517 601 1562 ε
619 1507 746 1580 mutuor
762 1501 903 1566 membris
917 1517 975 1566 non
992 1501 1121 1578 laboras,
1139 1502 1269 1581 quinque
1284 1501 1387 1584 irnges
1408 1516 1469 1566 uon

206 1612 349 1677 discernis
366 1608 408 1697 (5)
427 1631 436 1675 :
454 1613 521 1693 quis
534 1619 581 1678 est
596 1620 665 1677 tuus
687 1615 852 1697 magister?
872 1615 955 1678 hunni
972 1614 1035 1677 duit
1049 1632 1137 1678 suum
1159 1614 1309 1692 baculum,
1333 1622 1364 1679 et
1377 1613 1468 1679 extir-

206 1725 293 1806 palat
308 1725 426 1790 herbas.
449 1726 509 1791 Tse
524 1727 573 1792 lou
594 1742 700 1791 manus
719 1727 818 1806 iunxit
831 1735 862 1792 et
876 1727 966 1792 stetit.
992 1727 1124 1792 Retinnit
1145 1729 1204 1792 Tse
1218 1729 1268 1792 lou
1288 1727 1324 1791 ad
1344 1743 1467 1808 pernoc-

206 1840 340 1916 tandum,
357 1838 463 1904 occidit
478 1840 633 1923 gallinam,
651 1842 766 1921 paravit
780 1841 919 1915 millium,
932 1846 964 1905 et
976 1840 1112 1921 apposuit
1126 1839 1188 1918 illi;
1205 1840 1292 1921 eique
1306 1840 1381 1904 stitit
1396 1855 1468 1905 suos

206 1952 279 2015 duos
305 1954 389 2018 lilios.
423 1953 545 2019 Postera
569 1954 627 2031 die,
653 1954 712 2018 Tse
731 1955 782 2019 lou
805 1953 860 2017 ivit
874 1955 910 2018 ad
935 1953 1173 2036 significandum.
1206 1953 1364 2018 douiatius
1387 1955 1429 2018 ait
1455 1971 1464 2017 a

206 2068 339 2130 occultus
360 2071 407 2131 est
427 2066 563 2147 sapieus3
583 2067 730 2147 jussitque
751 2068 810 2132 Tse
825 2067 874 2131 lon
897 2067 1004 2131 reuerti
1027 2072 1057 2131 et
1079 2065 1208 2133 invisere
1232 2083 1300 2132 eom
1318 2086 1326 2131 :
1344 2075 1375 2130 at
1397 2083 1467 2132 cum

207 2179 350 2258 peruenit,
373 2179 435 2259 jam
457 2179 579 2245 abierat.
603 2183 662 2245 Tse
676 2181 726 2246 lo'n
741 2180 783 2244 ait
799 2200 807 2244 ε
825 2181 974 2246 abstinere
997 2181 1174 2262 magistratu
1194 2198 1254 2247 non
1273 2188 1320 2245 est
1334 2197 1464 2262 nquam.

208 2291 238 2355 Si
251 2292 398 2372 majorum
417 2293 627 2374 juniommqne
643 2295 777 2359 ordinem
792 2309 851 2359 non
867 2300 965 2375 potest
978 2294 1091 2358 violare
1107 2290 1163 2379 (6),
1187 2294 1328 2375 principis
1343 2293 1466 2359 subditi·

209 2405 381 2484 octomela,
399 2407 546 2487 quomodo
560 2406 611 2471 ille
625 2407 753 2490 negligit
766 2414 823 2473 cat
843 2408 927 2474 Velle
937 2423 1043 2488 puram
1058 2423 1178 2473 servare
1193 2424 1277 2472 suam
1293 2423 1464 2488 personam,

138 2547 145 2563 ·
210 2524 340 2584 ettamen
352 2519 525 2599 perturbare
536 2537 679 2604 magnum
690 2521 839 2585 sociemtis
849 2520 999 2587 ordinem!
1018 2521 1141 2601 Sapiens
1151 2521 1361 2604 magistratum
1373 2521 1464 2603 gerit,

209 2633 377 2711 expletums
391 2649 478 2696 suum
493 2633 620 2698 officium
638 2653 646 2698 :
663 2633 827 2699 doctrinam
843 2651 901 2700 non
917 2635 1026 2699 habere
1042 2650 1175 2711 cursum,
1190 2634 1252 2714 jam
1268 2634 1379 2698 scimus
1395 2635 1460 2699 noc.

263 2746 291 2811 8.
315 2746 415 2826 Elapsi
430 2749 538 2812 saecnlo
558 2747 615 2811 viri
635 2746 675 2813 Pe
691 2748 713 2825 i,
742 2749 823 2814 dieu
839 2749 904 2824 t‘si,
931 2748 979 2810 Yu
997 2748 1119 2830 strong,
1140 2748 1155 2810 l
1176 2748 1198 2825 i,
1213 2748 1317 2813 Tclmu
1339 2747 1462 2828 tenang

209 2857 295 2923 Hecu
316 2860 365 2923 laia
389 2861 463 2937 loci,
490 2868 521 2925 et
544 2861 624 2927 Chao
646 2862 706 2927 lien
727 2859 782 2946 (7).
805 2862 963 2926 Gouluoius
977 2861 1019 2925 eit
1045 2880 1053 2924 :
1081 2876 1140 2924 non
1162 2860 1351 2926 demittentes
1376 2875 1465 2923 snum

244 3125 287 3196 (2)
308 3124 412 3186 Recole
425 3144 516 3197 nsum,
532 3143 616 3202 quem
633 3103 675 3191 Q
691 3104 733 3188 Ξ
745 3126 832 3186 habet
846 3126 874 3186 in
888 3126 1099 3204 comparatione
1115 3126 1246 3198 duorum,
1259 3143 1325 3185 cnm
1338 3144 1389 3204 per
1401 3101 1462 3202 Ψ,
1536 3126 1542 3145 “

207 3220 309 3304 antid
331 3219 387 3312 fil,
404 3220 441 3300 ἷὶ
461 3219 516 3311 id,
530 3248 581 3298 aut
597 3215 640 3302 ᾗ
653 3217 712 3312 ἓ,
727 3220 767 3301 ἕ
785 3216 843 3306 ff,
857 3240 934 3315 quod
948 3239 1128 3317 praestantius
1141 3248 1184 3297 cst
1197 3238 1366 3299 declaratur.

242 3346 286 3422 (3)
299 3350 404 3412 Ἰιιιιιιίῑ
417 3373 448 3413 se
461 3372 517 3412 non
533 3370 614 3430 posse
637 3352 772 3431 populum
797 3353 992 3431 principesque
1015 3352 1150 3412 deserere.
1179 3329 1221 3417 ii
1241 3354 1463 3425 secundamus,

205 3466 310 3527 mimi.

243 3570 287 3650 (4)
304 3579 372 3639 Non
387 3589 474 3658 egent
486 3581 548 3640 sani
561 3579 679 3639 medico.
696 3550 737 3641 il
754 3554 812 3651 Q,
824 3579 948 3639 secundo
961 3578 1031 3637 item
1044 3584 1121 3648 tono,
1133 3596 1191 3636 uon
1205 3595 1266 3638 esse
1282 3578 1354 3639 usu'a

242 3683 286 3763 (5)
305 3692 473 3771 Exprobrst
485 3693 561 3771 quod
577 3689 755 3769 agricultura
771 3711 829 3752 non
843 3700 932 3751 uacet.

241 3802 286 3875 (6)
305 3806 364 3867 Tse
375 3802 424 3864 lou
438 3806 562 3867 Mersus
575 3803 704 3865 Coufncii
719 3805 813 3878 verba,
827 3804 863 3865 de
876 3824 944 3864 sene
958 3803 995 3863 ad
1006 3803 1082 3863 senis
1102 3802 1240 3863 familiam
1261 3801 1397 3882 loquitur,
1411 3806 1462 3884 qui

203 3917 304 3980 eisuos
324 3919 428 3979 sistam
449 3917 518 3980 filios
538 3916 610 3979 belle
627 3917 772 3995 juniorum
785 3937 853 3996 erga
867 3917 1002 3995 majorem
1024 3916 1148 3976 officinm
1171 3912 1372 3992 affirmaverat,
1391 3918 1461 3981 dum

203 4032 553 4112 mbditlergaprimipem
566 4028 686 4109 negligit
699 4030 831 4091 officinm.
1322 4032 1327 4044 '

241 4136 284 4217 (7)
304 4145 376 4206 Tres
391 4145 475 4223 primi
487 4145 541 4207 snb
561 4145 696 4222 dynastis
718 4142 830 4221 Chnng,
853 4142 938 4203 ceteri
951 4143 1005 4204 sub
1019 4141 1144 4204 Tcheou.
1174 4138 1285 4203 Primus
1307 4150 1336 4203 et
1363 4162 1462 4204 secun·

202 4256 262 4333 dus,
284 4258 461 4339 principatus
479 4260 543 4319 Kou
563 4256 649 4318 tehen
670 4229 769 4318 fiii*
791 4256 932 4336 haeredem
952 4257 1062 4330 mutius,
1086 4230 1183 4320 (ῴὲ
1196 4255 1309 4330 scilicet,
1332 4257 1380 4334 qni
1394 4275 1460 4320 cum

199 4369 286 4433 fratrs
308 4359 376 4432 T‘ai
389 4372 426 4449 pe'
453 4350 491 4437 ᾖ
515 4346 553 4432 (Β
575 4371 613 4431 ad
627 4369 765 4431 australes
787 4370 923 4430 barbams
945 4368 1075 4448 aufugit3
1093 4379 1211 4447 quartus
1234 4370 1402 4448 cognomine
1417 4352 1458 4435 ἢ

199 4485 353 4564 agnomine
369 4459 429 4564 ἦς
451 4487 565 4562 quintas
578 4485 747 4563 cognomine
761 4458 823 4556 ᾗ,
837 4483 990 4562 agnomine
1008 4457 1064 4557 ist,
1083 4483 1199 4543 nomine
1216 4460 1255 4546 ἧι
1275 4460 1330 4560 ¹³³3
1350 4489 1460 4553 sextus,

197 4596 313 4661 salebris
329 4599 395 4661 Lon
410 4599 612 4677 magistratum
631 4599 777 4679 septimus,
791 4596 829 4658 ad
840 4595 993 4660 orientales
1009 4592 1100 4657 tribus
1113 4595 1283 4675 pertinebat,
1295 4593 1461 4673 lugubrium

197 4713 302 4775 rituum
320 4713 553 4776 studiosissimus
