3556 5664
553 499 648 542 caran·
670 498 786 541 ramum
800 515 841 528 -
852 499 927 541 rans
946 501 1035 542 ennon
1366 486 1430 549 873'

160 615 266 695 popuio
277 628 338 678 non
349 613 520 693 supervenit
529 611 698 690 diminutio,
715 612 815 695 exigui
827 613 883 677 viri
892 615 1001 694 populo
1011 630 1071 678 non
1082 615 1195 680 accedit
1204 626 1424 698 augmentum:

159 732 232 793 cur?
252 727 399 793 Menmius
413 726 565 806 respondit
582 745 590 788 :
608 742 661 790 rex
676 732 758 789 amat
773 726 921 803 militiam,
939 728 1018 793 sinat
1032 744 1069 791 en
1084 728 1187 791 militia
1204 729 1310 792 ducam
1326 747 1427 795 exem·

159 838 306 924 piumssdi.
323 841 470 924 Tympani
481 840 579 904 sonitu
589 840 737 903 excitante
752 855 815 916 eoa,
828 841 920 904 armis
930 846 961 904 et
978 841 1168 921 ensibusJ'am
1179 842 1335 919 consertis,
1353 844 1427 924 abji-

159 957 240 1021 ciunt
254 954 389 1030 ioricam,
417 954 541 1016 trabunt
554 967 638 1016 arma
653 959 683 1017 et
699 952 875 1034 aufugiunt3
897 954 988 1032 aliqui
1004 961 1123 1018 centum
1139 970 1253 1033 passus,
1276 962 1309 1041 et
1324 964 1427 1035 postea

160 1070 283 1143 sistunt3
302 1067 395 1147 aliqui
409 1066 626 1148 quinquaginta
642 1081 758 1145 passus,
776 1072 919 1146 etpostea
934 1068 1054 1131 sistunt.
1079 1068 1109 1131 Si
1121 1069 1198 1147 quod
1210 1069 1428 1152 quinquaginta

159 1183 266 1246 fuerint
282 1197 402 1262 passus,
419 1181 545 1244 irrident
559 1186 679 1249 dentum
695 1194 813 1258 passus,
831 1188 901 1243 tunc
916 1181 987 1260 quid
1002 1180 1140 1244 videtur?
1160 1180 1209 1245 Ait
1226 1202 1232 1244 :
1250 1197 1310 1245 non
1324 1190 1425 1247 recte:

160 1302 275 1360 tantum
290 1310 352 1358 non
367 1294 404 1360 ad
419 1302 540 1360 centurn
554 1309 669 1372 passus,
691 1292 822 1359 atetiam
839 1293 981 1375 fugerunt
992 1291 1045 1377 (⁶2).
1072 1294 1175 1358 subdit
1188 1315 1195 1359 :
1209 1311 1274 1370 rex,
1291 1294 1316 1358 si
1329 1296 1429 1360 noscis

159 1409 223 1486 boc,
249 1416 379 1472 tuncne
398 1424 501 1488 speres
522 1407 622 1486 popuii
643 1406 860 1471 incrementum
877 1424 937 1486 prm
958 1407 1063 1472 vicinis
1083 1409 1194 1490 regnis
1226 1409 1269 1473 Nc
1284 1407 1430 1488 impedias

160 1522 352 1605 agriculturae
368 1528 503 1600 tempus;
519 1519 624 1602 fruges
639 1536 699 1584 non
720 1526 861 1599 poterunt
879 1521 995 1584 absumi
1017 1522 1198 1588 comedendo
1216 1542 1223 1584 :
1241 1523 1335 1601 spissa
1353 1523 1429 1585 retia

160 1652 196 1700 ne
214 1636 424 1718 ingrediantur
443 1641 551 1716 stagna
566 1642 597 1698 et
610 1634 710 1709 lacus;
733 1633 830 1713 pisces
843 1642 873 1698 ct
889 1634 1053 1698 testudines
1072 1650 1131 1699 non
1152 1642 1291 1714 poterunt
1312 1635 1430 1699 absumi

159 1765 212 1813 esu
233 1769 241 1812 :
265 1748 381 1813 securis
400 1748 486 1828 justa
509 1755 643 1829 tempora
665 1747 851 1829 ingrediatur
873 1748 1020 1811 montium
1041 1749 1151 1831 sylvas,
1175 1755 1206 1813 et
1225 1749 1430 1812 materiariam

160 1863 275 1945 iignum
290 1878 352 1926 non
368 1861 478 1941 poterit
497 1860 631 1926 consumi
652 1878 721 1928 usu.
751 1861 864 1942 bruges
884 1877 952 1925 oum
968 1861 1098 1941 piscibus
1112 1869 1143 1925 ct
1158 1862 1354 1929 testudinibus
1369 1878 1429 1926 non
1538 1919 1541 1924 .

159 1984 299 2057 poterunt
309 1974 427 2039 absumi
437 1974 629 2049 comedendo,
643 1974 846 2038 materiariam
857 1974 973 2057 iignum
981 1991 1040 2039 non
1051 1976 1155 2054 poterit
1164 1974 1279 2041 absumi
1287 1992 1359 2051 usu;
1372 1977 1432 2041 hoc

160 2090 264 2155 efficiet
278 2095 313 2152 ut
329 2089 457 2169 populus
475 2089 536 2151 aiat
557 2087 652 2162 riuos,
677 2095 813 2165 parentet
835 2088 962 2152 mortuis
980 2089 1045 2152 sine
1065 2090 1197 2168 quercla.
1224 2087 1311 2153 Alere
1331 2089 1429 2167 riuos,

161 2210 319 2284 parentare
340 2201 467 2266 mortuis
490 2202 554 2265 sine
569 2201 703 2280 quercia,
727 2217 833 2283 regum
850 2201 1012 2280 disciplina
1026 2201 1144 2265 initium
1159 2207 1205 2266 est
1222 2199 1277 2285 (3).
1300 2202 1330 2265 Si
1345 2202 1431 2281 quin·

162 2332 217 2396 quc
234 2316 378 2399 jugerum
401 2315 472 2381 uilia
491 2319 666 2379 conseratur
685 2329 725 2379 ex
743 2315 846 2390 moris,
877 2315 1126 2398 quinquagenarii
1147 2321 1286 2394 poterunt
1308 2314 1433 2379 induere

162 2430 254 2494 serica
272 2449 280 2493 :
300 2427 496 2512 gallinarum,
514 2428 726 2508 porcellomm,
742 2430 922 2517 catulorum,
940 2444 1097 2507 porcarum
1107 2429 1230 2497 nutritio
1242 2444 1301 2493 non
1312 2429 1433 2492 amittat

162 2559 247 2607 suum
267 2550 401 2622 tempus
420 2548 453 2633 'et
468 2540 688 2623 septuagenarii
709 2548 849 2620 poterunt
869 2541 948 2607 uesci
968 2543 1108 2607 carnibus
1125 2560 1133 2604 ε
1151 2549 1271 2606 centurn
1289 2541 1433 2623 iugerum

163 2656 273 2735 campis
287 2671 351 2719 non
366 2657 541 2722 atterantur
556 2655 674 2734 propria
691 2660 835 2733 tempora,
848 2662 879 2720 at
891 2655 1054 2719 multorum
1069 2656 1200 2735 capitum
1216 2655 1334 2718 familie
1349 2661 1432 2734 pote-
1507 2698 1511 2703 -

163 2775 231 2833 runt
245 2786 309 2834 non
324 2770 458 2834 esurire:
472 2783 595 2833 accures
610 2769 805 2850 collegiorum
819 2776 850 2832 et
864 2769 1089 2851 gymnasiorum
1104 2758 1334 2842 institutionem
1351 2783 1432 2831 eam·

161 2898 216 2961 quc
235 2883 410 2965 ingeminas
423 2899 441 2947 a
456 2881 575 2962 pictatis
589 2888 620 2945 et
640 2881 813 2946 reverenda
831 2881 945 2957 officiis,
969 2888 999 2945 et
1014 2881 1155 2947 semicani
1175 2898 1235 2947 non
1256 2880 1434 2961 baiolabunt

161 2996 356 3060 humer-isaei
367 2997 463 3075 capite
474 3011 526 3075 per
536 2995 600 3058 vias
612 2992 667 3079 (b).
686 2993 911 3078 septuagenarii
923 2995 1048 3060 vestient
1065 2995 1159 3059 serica
1171 2993 1434 3063 etmenducabunt

162 3124 289 3186 carncs3
307 3110 491 3192 nigricomus
509 3106 551 3193 (5)
569 3110 696 3190 populus
718 3124 777 3177 non
798 3109 910 3177 esuriot
930 3124 986 3177 nec
1006 3107 1119 3190 algebit
1142 3128 1150 3171 :
1176 3108 1228 3186 ita,
1252 3114 1283 3173 et
1304 3123 1363 3171 non
1388 3103 1431 3191 (6)

200 3358 247 3438 (1)
273 3366 400 3426 Laudari
412 3366 486 3426 solet
500 3367 646 3434 Mourisios,
665 3366 739 3443 quod
752 3367 997 3443 comparationum
1011 3340 1073 3436 (ff
1086 3346 1148 3427 W)
1163 3365 1266 3425 collant
1279 3385 1360 3425 uautn
1374 3387 1382 3424 t
1397 3364 1435 3425 iis

163 3491 237 3542 oorts
253 3499 331 3557 saepe
344 3479 415 3540 solet
426 3498 508 3539 snam
523 3479 678 3558 explanare
693 3488 827 3553 montom,
842 3487 871 3538 et
884 3479 1058 3539 adversarios
1071 3478 1214 3540 conficere.

200 3586 248 3664 (2)
272 3571 314 3656 fi
331 3591 374 3652 vel
390 3569 447 3661 Ῑ,
461 3594 501 3653 sio
515 3594 617 3671 posito,
632 3593 785 3664 affirmant,
798 3594 892 3667 utique
906 3603 1004 3652 tornea.

201 3700 247 3779 (3)
271 3705 383 3784 Regum
398 3706 554 3784 disciplina,
573 3706 680 3767 scilicet
694 3723 759 3765 rere
772 3704 841 3765 olim
854 3705 1037 3787 regnantium
1051 3714 1214 3771 sanctorum
1229 3706 1434 3784 imperatorum

164 3820 338 3880 institutam.
589 3824 591 3827 ’

200 3923 251 4004 (4)
274 3910 316 3994 ffi
330 3934 406 3994 idem
421 3953 455 3993 ao
469 3911 525 4003 ff,
540 3953 621 4011 aeque
633 3933 809 3999 dmidntua

203 4037 252 4116 (5)
272 4044 365 4125 Nigro
377 4046 480 4126 capillo
492 4047 625 4106 dicuntur
634 4047 770 4125 juniores.

203 4151 251 4232 (6)
272 4159 328 4229 Qui
340 4181 444 4241 nempe
456 4161 499 4218 iba
519 4178 601 4220 suum
621 4178 739 4238 regnum
761 4159 951 4226 administrat,
973 4169 1005 4219 ut
1019 4159 1197 4238 agricrdturaa
1216 4173 1245 4219 et
1262 4159 1436 4221 institutioni

165 4268 273 4346 fauens,
288 4274 439 4334 commoda
456 4275 523 4333 ritae
537 4274 694 4350 mentbquo
713 4274 820 4334 bonum
840 4274 970 4333 somststi
991 4281 1127 4352 procuret,
1141 4274 1166 4333 is
1180 4273 1310 4332 omnium
1323 4272 1436 4332 mimos

166 4387 220 4448 sibi
232 4387 386 4462 devmoim,
399 4395 526 4469 absuper
538 4406 637 4448 omnes
649 4386 767 4465 imperio
779 4386 909 4465 potietur.
930 4385 1063 4467 Bognrue
1076 4386 1125 4446 hio
1138 4394 1181 4447 est
1195 4386 1314 4465 irnperio
1327 4384 1435 4465 potira

264 4622 312 4681 tiri
326 4643 335 4681 ε
350 4628 512 4698 temporum
534 4618 636 4692 crines,
659 4594 781 4704 iffi&
834 4589 902 4704 ἓ)
916 4616 983 4690 Tar,
997 4617 1090 4697 capite
1111 4625 1225 4695 gestam
1239 4638 1247 4674 ε
1261 4614 1433 4695 magniface·

261 4736 435 4797 semicanae.
452 4730 527 4809 Fan,
541 4752 677 4812 magnum
690 4739 787 4813 caput.
915 4750 955 4793 rs.
971 4730 1055 4805 Tsar,
1068 4751 1097 4791 n.
1111 4730 1174 4791 loci.
1189 4732 1224 4790 lt.
1241 4731 1291 4791 62.
