3572 5650
635 513 727 559 varra
746 512 952 559 rusrauuurrra
1387 501 1426 559 85

155 638 339 718 habebatnr3
353 641 476 718 quinque
491 657 559 698 vero
573 642 735 714 autseptem
748 633 882 711 rhytium,
894 636 967 710 koap
979 603 1034 697 <if
1044 633 1087 694 vel
1098 611 1151 707 st,
1166 634 1335 713 esylrestria
1346 639 1426 699 bovis

153 731 231 825 (ff
247 748 402 817 solcornu
425 753 597 821 confectum,
612 759 663 809 aut
675 746 777 809 saltem
790 768 807 807 e
820 746 922 827 ligno
913 767 943 806 ιιι
957 767 1045 808 cornu
1067 748 1188 808 formam
1209 750 1323 823 inflexo,
1347 753 1426 829 qnod

154 890 237 947 aque
246 878 283 929 nt
300 865 411 945 poenale
424 864 562 944 poculum
575 862 727 941 aliquando
741 860 937 921 adhibebatur.
953 859 1043 923 (inlici
1056 863 1276 923 submittebatur
1288 864 1424 943 incitega,

155 986 208 1042 tica
227 957 293 1053 ΞΕ),
317 998 383 1057 qnae
396 980 450 1040 sub
462 976 570 1057 poenali
591 975 711 1055 poculo
702 995 733 1035 ιιι
747 975 889 1035 convivali
908 973 1042 1054 palaestra
1055 976 1198 1054 proposito
1219 973 1328 1036 solebat
1342 981 1424 1055 saep

155 1070 211 1155 «Ε
223 1093 1512 1172 appellari..

194 1207 320 1269 cortina
335 1179 432 1278 ‘ilii
454 1214 517 1265 erat
532 1201 687 1264 caldarium
706 1201 856 1280 pedatum3
877 1201 1011 1275 ahenum,
1025 1176 1081 1263 ‘ff
1106 1206 1178 1279 sou,
1198 1203 1259 1263 aine
1288 1203 1423 1284 pedibus3

153 1323 284 1393 cacabna,
302 1299 357 1387 (ὃ
370 1322 424 1391 eia,
438 1338 487 1378 ore
500 1319 587 1379 latior
602 1337 687 1393 quarn
699 1313 769 1375 basi.
794 1313 867 1388 Olla,
883 1287 1023 1395 (ἦχθαι,
1037 1314 1128 1376 fictilis
1141 1324 1212 1388 erat,
1227 1325 1300 1376 testa
1312 1337 1424 1395 nempe,

154 1457 214 1495 non
228 1433 317 1494 modo
334 1434 402 1493 vino
422 1428 562 1511 capiendo
574 1440 626 1491 ant
638 1448 720 1507 aquae
737 1429 901 1489 haunendae
924 1438 1001 1507 apta,
1023 1431 1074 1490 sed
1086 1447 1151 1506 quae
1164 1428 1201 1487 ad
1214 1430 1351 1490 musicam
1365 1449 1425 1490 rno-
1492 1498 1496 1503 J

153 1548 315 1609 derandam
330 1546 420 1607 etiam
433 1542 608 1625 pulsabatur.

701 1790 890 1819 ψ-

193 2005 324 2078 Ethrec,
349 2026 387 2066 ne
400 2015 475 2067 notu
488 2001 565 2066 ultra
578 2000 645 2065 tinas
658 2011 831 2077 excrescant,
856 2000 981 2064 innuisse
998 2007 1066 2065 satis
1081 2024 1089 2066 t
1104 2020 1167 2083 qnae
1191 2002 1283 2067 adbuc
1296 2002 1333 2066 ad
1347 2006 1424 2068 litte-

151 2132 261 2181 raturae
275 2138 392 2179 caratam
408 2119 614 2197 expediendum
628 2114 830 2191 desiderantur,
846 2119 904 2177 suis
917 2112 985 2177 locis
997 2119 1232 2196 explantabuntur.

190 2236 282 2294 Nunc
298 2250 368 2292 vero
381 2230 484 2311 raptim
496 2228 590 2292 oculos
602 2229 634 2292 in
647 2250 792 2292 emensum
804 2234 859 2292 iter
867 2234 931 2309 jam
944 2227 1104 2302 referentes,
1118 2226 1185 2291 illud
1199 2252 1267 2293 sane
1286 2233 1423 2311 conspici·

150 2356 225 2420 mus,
253 2348 390 2407 Sinarum
415 2344 528 2406 criticen
545 2342 623 2405 hand
635 2342 703 2404 satis
717 2340 747 2404 ln
760 2340 904 2404 nonnullis
926 2352 1065 2417 constare,
1079 2353 1112 2402 ut
1125 2345 1150 2403 ei
1164 2342 1252 2423 posslt
1265 2357 1342 2406 certa
1355 2340 1423 2407 fides

150 2461 295 2520 adhiberi.
320 2459 394 2528 Quae
407 2458 481 2518 enirn
499 2458 537 2518 ad
551 2461 730 2550 remotiorem
743 2454 910 2537 pertingunt
925 2453 1134 2535 antiquitatem,
1148 2454 1323 2520 densioribus
1337 2455 1422 2538 plane

151 2573 353 2633 obvolvuntur
366 2567 496 2645 tenebris,
506 2581 540 2631 nt
550 2573 594 2633 vel
603 2568 727 2632 limatuli
736 2570 837 2649 judicii
850 2573 925 2631 acies
937 2568 1020 2629 facile
1033 2586 1210 2650 perrumpere
1225 2576 1320 2651 possit.
1339 2572 1421 2634 Certo

150 2687 301 2763 dynastia
314 2684 411 2744 tertiae
423 2681 629 2762 genealogiam,
640 2696 672 2744 nt
682 2685 711 2745 id
720 2680 822 2745 saltem
834 2704 897 2744 cnm
913 2682 945 2741 P.
961 2680 1068 2744 Genbil
1081 2679 1233 2762 attingam,
1248 2701 1312 2764 qnae
1326 2689 1420 2766 vulgo,

150 2799 227 2859 duce
241 2796 430 2859 historiarum
447 2797 573 2876 principe
587 2798 625 2860 Se
638 2819 685 2857 rna
698 2797 781 2871 tsien,
796 2798 870 2858 tradi
882 2798 964 2869 solet,
979 2815 1111 2856 mancam
1132 2800 1248 2882 omnino
1261 2818 1321 2860 esse
1334 2810 1421 2876 atque

150 2912 386 2991 improbabilem,
410 2911 564 2989 legentium
587 2911 661 2990 fugit
683 2909 834 2975 neminem.
864 2910 908 2971 On
930 2928 983 2969 rex
996 2930 1014 2969 a
1027 2911 1158 2971 aecuudae
1177 2911 1318 2989 dynastiae
1341 2915 1421 2973 aditu

151 3025 235 3085 haud
247 3027 347 3084 minus
359 3031 507 3084 sexcentos
528 3026 721 3102 qnadraginta
743 3033 867 3101 quatuor
880 3024 961 3085 abest
974 3041 1073 3096 annos,
1087 3032 1117 3082 et
1130 3032 1227 3084 tamen
1240 3022 1315 3085 luter
1328 3024 1431 3106 ipsum,

151 3144 274 3215 ejusque
290 3138 500 3217 progenitorem
516 3124 565 3197 K‘i
578 3118 621 3203 ff
635 3158 682 3197 eeu
696 3133 781 3197 Hecu
794 3112 888 3201 nil&
905 3113 955 3208 ᾖ,
971 3134 1019 3194 rix
1033 3136 1188 3213 quindecim
1211 3137 1421 3199 intercesserint

150 3251 381 3328 generationes?
400 3250 514 3326 quando
525 3271 646 3311 acorevo
659 3251 838 3329 progenitore
854 3227 956 3314 siff
973 3248 1009 3307 ad
1025 3249 1130 3328 (lbang
1142 3251 1282 3327 dynastiae
1294 3254 1421 3312 condito·

152 3384 218 3424 rem
238 3367 309 3443 ipsae
330 3362 504 3424 defluxerint
526 3366 724 3441 generationes
747 3360 902 3423 tredecim?
923 3362 1069 3439 Inclytum
1093 3361 1357 3442 historiographum,
1371 3367 1421 3444 qui

150 3498 216 3536 rem
230 3497 268 3537 ex
282 3494 437 3554 regnorum
458 3479 530 3537 actis
548 3451 584 3536 Ε
601 3455 642 3539 id
657 3484 843 3554 excerpserat,
858 3478 958 3536 acriter
973 3477 1138 3553 perstringit
1159 3470 1312 3555 imperialis
1332 3479 1419 3539 editio

26 3558 27 3577 ³
152 3573 221 3661 (Ε
236 3567 280 3651 l'i
297 3571 337 3653 ἒ
356 3565 416 3648 ἦ)
436 3608 444 3647 ι
466 3598 527 3649 tarn
549 3604 646 3667 neget,
669 3590 747 3667 quod
760 3584 821 3649 Pou
834 3586 938 3649 tchono
954 3566 992 3647 ἶ*
1008 3558 1051 3656 ffi
1066 3589 1152 3648 luerit
1174 3589 1261 3670 ipsius
1285 3592 1370 3651 Heou
1383 3593 1422 3652 tsi

151 3704 237 3775 lilius,
251 3721 319 3762 enm
332 3703 449 3761 tradant
470 3701 621 3776 memoria,
645 3703 759 3762 norrnisi
780 3702 924 3763 deficiente
947 3702 1015 3776 Hia,
1038 3702 1207 3781 magistratu
1230 3702 1291 3763 Pon
1315 3705 1420 3766 tchono

151 3816 299 3875 excidisse
313 3836 322 3874 ι
334 3811 402 3874 dein
414 3815 575 3895 expiscetur
588 3817 618 3875 iu
631 3813 862 3894 genealogiarum
884 3816 1025 3877 codicibus
1046 3835 1122 3876 nova
1140 3825 1265 3894 quatuor
1284 3820 1419 3898 nomina3

151 3930 227 3987 hina
249 3947 349 3987 rursus
365 3947 401 3988 ex
418 3926 556 3989 montium
580 3929 758 4006 mariumque
780 3929 852 3988 libro
864 3907 924 4000 (ill
941 3906 982 3993 iffi
1001 3907 1063 3998 ᾖ)
1075 3931 1225 4007 expromit,
1239 3940 1269 3992 et
1286 3930 1327 3992 sic
1340 3951 1421 3992 snam

26 4020 27 4027 ἵ
150 4042 317 4118 compingit
331 4040 472 4114 talnllam,
487 4053 521 4101 nt
535 4050 597 4121 pust
612 4039 696 4101 lleon
712 4044 748 4101 tsi
762 4042 938 4101 continenter
953 4054 1079 4122 apponat
1090 4017 1136 4111 ff
1151 4019 1194 4114 ἔ
1207 4047 1226 4106 li
1241 4045 1317 4119 kion,
1337 4055 1421 4123 atque

152 4129 199 4214 fl
212 4130 256 4211 ἦ
268 4153 344 4213 chau
357 4152 433 4213 lriun.
455 4152 583 4215 Veniunt
595 4154 670 4227 dein,
685 4156 760 4215 facto
774 4153 933 4227 laterrallo,
946 4137 983 4218 ἶ·
995 4129 1039 4223 ffi
1049 4177 1104 4236 pou
1116 4161 1228 4230 robono,
1238 4175 1301 4218 cum
1313 4169 1421 4237 septem

150 4268 349 4344 aequantibus
364 4287 372 4325 ε
385 4244 500 4331 antei}
572 4268 627 4327 keo
641 4284 680 4346 >n
694 4270 837 4327 inducitur
852 4243 893 4328 il
908 4247 947 4332 Ἠ
961 4271 990 4348 pi
1002 4272 1081 4349 lang,
1096 4281 1125 4331 et
1139 4286 1202 4353 post
1218 4272 1282 4332 Kao
1298 4290 1335 4348 yu
1350 4274 1421 4331 inse·

149 4384 232 4439 ritur
250 4358 294 4439 ff
314 4358 354 4439 ss
368 4380 437 4439 heau
458 4401 549 4456 meon,
571 4384 617 4440 cui
637 4383 694 4440 duo
715 4382 762 4441 lilii
778 4381 972 4442 attribuuntur
989 4382 1027 4441 ln!
991 4357 1138 4461 Ἲι’.γι
1150 4402 1187 4465 ytr
1203 4394 1233 4446 et
1249 4412 1288 4448 π
1249 4360 1346 4445 ᾗῇ
1361 4405 1421 4462 yun

150 4504 217 4551 tom
238 4493 314 4564 Hic,
328 4493 422 4552 relicto
432 4493 477 4554 Ya
486 4515 534 4573 yn,
546 4496 627 4554 fratri
641 4494 708 4554 Ynn
723 4508 773 4553 ton
789 4495 956 4556 adscribitur
968 4492 1040 4557 filiae
1051 4475 1094 4561 fl
1103 4474 1146 4558 ²'ill
1157 4510 1221 4560 tsun
1238 4500 1305 4569 ken,
1316 4512 1346 4557 et
1355 4498 1421 4559 huic

148 4608 230 4666 filins
252 4581 303 4666 ᾗ
325 4576 372 4666 ffi
391 4616 436 4665 tou
457 4608 564 4683 tcbeou,
580 4626 667 4689 aquo
693 4584 733 4669 ll(
754 4586 794 4667 Ξ
818 4615 848 4666 et
868 4608 935 4668 dein
952 4591 992 4672 Ξ
1007 4588 1060 4683 ᾧ,
1074 4617 1136 4671 tum
1154 4586 1248 4673 Π
1264 4620 1293 4670 et
1306 4610 1421 4673 domum

151 4699 200 4784 ff
219 4699 265 4778 Ξ
285 4732 478 4797 processerunt
