3574 5664
592 480 688 525 aaron
707 479 847 524 perarma
859 495 902 510 -
913 482 987 524 nans
1005 482 1095 525 ennon
1419 470 1477 527 329

259 595 289 660 5.
315 597 378 661 Tse
395 598 508 680 tchang
522 595 605 676 potiit
618 596 655 659 de
670 593 764 658 libero
778 594 887 677 agendi
901 611 1000 660 cursu.
1020 594 1178 661 Goniucius
1193 595 1364 675 respondit:
1378 613 1478 663 sermo

204 709 244 774 sit
258 710 357 775 tidelis
372 718 403 776 el
419 726 520 787 verax,
537 709 614 775 actio
629 707 706 775 seria
721 714 752 772 et
766 714 894 785 matura,
911 716 942 774 et
955 711 1002 774 vei
1017 709 1046 772 in
1063 710 1238 773 australium
1254 710 1477 790 borealiumque

205 823 405 888 barbarorum
422 840 515 907 regno
530 839 651 888 cursum
666 820 796 886 habehit.
816 821 846 885 Si
860 823 950 886 verba
965 829 1086 888 careant
1102 822 1242 887 fidelitate
1257 831 1287 887 et
1302 824 1474 902 veracitate,

207 945 237 1001 et
258 952 350 1017 opera
367 952 428 1002 non
443 938 503 1001 sint
518 937 594 1001 sen'a
610 946 640 1001 et
655 943 753 1011 cauta,
777 936 825 998 vel
840 936 947 1016 oppido
961 943 1013 999 aut
1027 950 1117 1017 pago,
1140 938 1191 1016 qul
1207 952 1337 1016 unquam
1355 953 1477 1002 cursum

208 1051 361 1115 habehant
370 1053 401 1130 (l
409 1056 441 1121 tt
461 1051 534 1115 llum
549 1056 622 1125 stes,
641 1057 712 1114 tnnc
726 1049 863 1129 conspice
877 1049 935 1113 ista
950 1058 1087 1114 constare
1101 1049 1132 1112 in
1147 1060 1327 1130 conspectu:
1345 1051 1477 1116 insidens

211 1165 322 1241 currui,
340 1170 411 1228 tune
431 1164 632 1242 contemplare
647 1164 704 1228 ista
719 1161 870 1226 adhaerere
884 1162 921 1225 ad
938 1161 1042 1246 jugum
1055 1182 1063 1225 ε
1076 1162 1126 1240 ita,
1147 1170 1176 1228 et
1194 1170 1265 1227 tune
1279 1165 1398 1228 demum
1409 1180 1475 1229 cur-

211 1296 262 1342 sus
275 1277 351 1342 liber
365 1279 433 1343 erit.
456 1279 515 1343 Tse
531 1276 643 1361 tchang
656 1277 713 1340 ista
729 1275 879 1355 inscripsit
893 1276 924 1339 in
939 1292 1020 1341 zone
1036 1277 1151 1340 fimbria
1165 1278 1225 1356 (t).

268 1392 299 1457 6.
322 1392 521 1472 Philosophus
536 1391 578 1454 ait
595 1409 602 1454 :
620 1392 699 1455 Proh
715 1404 804 1469 quam
820 1396 932 1468 rectus,
953 1391 1021 1455 Wei
1037 1390 1296 1473 historiographus
1310 1389 1379 1454 Yul
1402 1392 1477 1456 Cum

210 1505 296 1587 regni
311 1505 394 1587 viget
408 1507 492 1581 ordo,
514 1503 608 1567 instar
623 1512 669 1568 est
688 1501 832 1584 sagittae;
850 1518 918 1566 cum
935 1503 1019 1586 regni
1033 1503 1113 1584 jacet
1127 1505 1211 1579 ordo,
1234 1503 1330 1568 instar
1348 1505 1478 1587 sagittae

210 1624 266 1682 est.
296 1616 375 1682 Proh
390 1625 519 1698 quantae
533 1616 695 1697 sapientiae
714 1616 782 1680 Wei
804 1616 999 1698 magistratus
1018 1617 1077 1682 iliu
1094 1615 1131 1697 pe
1145 1624 1202 1700 yut
1226 1617 1256 1681 Si
1279 1634 1372 1700 regno
1394 1618 1477 1701 viget

210 1732 295 1809 ordo,
319 1738 391 1796 tunc
411 1746 535 1796 munere
554 1737 691 1808 exercet;
713 1728 740 1792 si
758 1746 852 1813 regno
869 1729 949 1810 jacet
968 1732 1052 1809 ordo,
1075 1736 1145 1795 tunc
1164 1736 1262 1811 potest
1282 1731 1424 1814 colligere
1445 1738 1477 1796 et

210 1845 371 1909 recondere
385 1845 480 1908 illam.

268 1961 299 2021 7.
323 1959 521 2039 Philosophus
536 1957 578 2021 ait
595 1978 602 2021 :
620 1958 646 2023 si
665 1973 719 2038 par
733 1962 780 2021 est
794 1958 914 2037 quicum
931 1958 1071 2038 loquaris,
1091 1965 1122 2022 et
1136 1974 1195 2023 non
1211 1975 1279 2023 cum
1294 1959 1359 2040 ipso
1374 1961 1476 2038 loque·

209 2070 264 2148 ris,
283 2072 381 2152 perdis
396 2072 546 2136 hominem
560 2090 567 2134 ε
582 2072 607 2136 si
623 2086 682 2136 non
698 2079 744 2135 cst
758 2087 812 2150 par
827 2071 947 2151 quicum
962 2072 1103 2152 loquaris,
1123 2078 1236 2136 etcum
1252 2073 1315 2153 ipso
1331 2073 1474 2153 loqueris,

208 2185 308 2265 perdis
323 2185 412 2249 verba
430 2205 437 2248 :
456 2186 586 2265 prudens
602 2201 661 2249 non
677 2184 771 2265 perdit
786 2184 949 2261 hominem,
967 2193 997 2249 et
1011 2184 1101 2248 etiam
1116 2200 1175 2250 non
1191 2186 1287 2265 perdit
1301 2187 1403 2250 verba.

268 2299 299 2364 8.
322 2299 520 2379 Philosophus
530 2297 593 2362 ait:
611 2299 750 2363 cordatus
760 2298 806 2361 vir
820 2305 851 2363 et
865 2298 1014 2378 perfectus
1029 2299 1130 2375 homo,
1148 2300 1249 2363 nullus
1264 2302 1381 2379 quaerit
1395 2300 1476 2366 rive·

209 2428 243 2475 re
258 2419 291 2476 ut
305 2413 413 2477 ohiciat
427 2412 547 2488 virtuti;
564 2412 652 2476 datur
666 2413 717 2492 qni
732 2413 883 2492 profundit
897 2410 1002 2488 vium,
1019 2419 1052 2475 ut
1066 2419 1254 2477 consummet
1268 2413 1422 2477 virtutem.

267 2525 299 2589 9.
321 2526 380 2590 Tse
402 2526 483 2608 long
497 2525 615 2604 quaerit
633 2526 684 2604 ouh
704 2512 843 2590 evaderet
857 2524 1016 2606 perfectus.
1039 2526 1197 2590 Contucius
1219 2526 1260 2589 ait
1277 2547 1285 2590 z
1303 2527 1409 2591 artilex
1424 2545 1476 2594 vo·

210 2639 276 2702 lens
295 2640 435 2719 poricere
455 2654 543 2702 suurn
558 2654 644 2719 opus,
666 2639 799 2719 prolecto
814 2639 896 2718 prius
911 2638 992 2702 acuit
1006 2655 1060 2702 sua
1075 2640 1284 2704 instrumenta.
1306 2641 1476 2705 immorans

209 2752 309 2831 aliquo
336 2768 442 2835 regno,
470 2751 584 2816 sennim
605 2752 671 2833 eius
692 2752 923 2834 magistratuum
944 2752 1184 2832 sapientioribus,
1208 2754 1388 2819 consociaris
1409 2754 1476 2835 ejus

209 2864 409 2931 litteratorum
425 2864 622 2947 probioribus.

269 2979 320 3043 10.
342 2979 409 3044 Yen
427 2995 505 3063 yuen
524 2979 652 3044 consulit
672 2980 709 3044 de
728 2978 962 3043 administrando
983 2995 1088 3062 regno.
1115 2980 1273 3044 Goniucius
1293 2980 1472 3060 respondit:

208 3091 298 3156 induc
316 3094 469 3176 dynastiae
488 3092 543 3155 iiia
559 3092 760 3158 calendarium
777 3110 786 3156 :
803 3092 968 3157 conscende
982 3092 1136 3175 dynastiae
1155 3092 1203 3155 Yn
1219 3109 1340 3157 currum
1359 3112 1366 3156 :
1384 3093 1475 3160 indue

208 3205 360 3289 dynastiae
375 3206 495 3271 Tcheou
511 3205 616 3269 tiaram
630 3225 638 3268 ε
652 3206 765 3272 musica
779 3220 851 3271 vero
861 3204 901 3269 sit
911 3204 1092 3270 Corrcordin
1102 3207 1366 3289 pontemollem
1384 3207 1475 3288 rejice

209 3320 295 3401 regni
314 3320 440 3402 Tcheng
458 3319 622 3396 cantiones,
647 3319 753 3403 ablega
774 3320 913 3403 garrulos
932 3325 1150 3397 assentatorem
1174 3320 1300 3403 Tebeng
1320 3321 1474 3386 mahom

208 3439 279 3495 sunt
293 3433 499 3513 voluptuosae,
516 3433 632 3515 garruli
646 3438 847 3499 assentatores
861 3433 1020 3513 periculosi
1034 3434 1091 3510 (3).

268 3548 319 3610 ll.
342 3545 540 3627 Philosophus
559 3546 602 3611 ait
624 3567 632 3611 ι
654 3548 743 3613 homo
766 3548 845 3611 haud
864 3546 954 3630 longe
977 3548 1207 3628 praemeditans,
1231 3547 1363 3628 prolecto
1383 3547 1475 3613 hahet

206 3675 300 3742 prope
314 3674 484 3724 moerorem.

246 4031 293 4110 (2)
314 4014 356 4099 Ξ
380 4038 512 4119 designat
532 4041 681 4102 verboram
702 4039 895 4102 sinceritatem
915 4048 946 4100 ot
966 4042 1112 4102 actionum
1130 4043 1338 4103 maturitatem.
1353 4018 1395 4105 ff
1410 4040 1475 4104 haeo

204 4153 263 4212 duo
276 4173 340 4213 eum
355 4162 384 4214 te
396 4153 480 4231 quasi
492 4151 551 4214 fleri
565 4154 699 4215 ternaria.

244 4257 293 4338 (3)
312 4267 373 4328 Sub
386 4266 521 4345 dynastia
543 4264 668 4340 Tcheou,
691 4266 760 4327 anni
772 4264 917 4328 exordium
931 4268 1157 4332 constituebatur
1170 4288 1188 4328 a
1200 4266 1318 4331 hiemali
1331 4266 1471 4350 solstiti03

204 4380 260 4441 aab
272 4379 385 4460 (thing,
399 4399 497 4440 menae
509 4381 655 4458 aequenti3
669 4380 723 4441 aab
735 4381 797 4441 His
810 4399 876 4441 nero
888 4379 1072 4457 anovilunio,
1086 4383 1165 4461 qnod
1179 4384 1310 4462 proxime
1323 4382 1423 4443 abeam
1433 4382 1473 4445 ab

205 4493 330 4572 ingressu
352 4493 422 4556 aolia
442 4493 473 4554 in
496 4497 533 4553 15
554 4493 676 4573 gadum
697 4492 817 4572 Aquarii
831 4517 840 4556 a
856 4513 920 4572 quaa
933 4497 1069 4576 temporis
1091 4495 1176 4570 ratio,
1203 4504 1304 4576 utpote
1326 4496 1419 4574 anagia
1433 4497 1473 4559 cd

206 4607 406 4685 agrimhuram
420 4607 612 4677 accomodata,
634 4607 792 4668 etiamnum
810 4608 897 4686 riget.
920 4607 1028 4670 Currus
1040 4609 1170 4670 mundae
1184 4609 1325 4687 dynastia
1337 4607 1472 4688 simpliei-

205 4729 262 4783 tete
274 4721 548 4800 commendabam
560 4740 611 4803 pro
623 4718 763 4783 sacrificiis
777 4729 875 4782 nutem
886 4723 969 4783 tiara
982 4723 1137 4804 manabat
1151 4740 1226 4783 nsua
