3524 5652
548 503 644 548 caru-r
662 504 938 555 comana-rsus
957 505 1047 549 rurore
1372 495 1430 552 541

163 620 324 700 recepisset
339 619 437 683 tribus
451 617 548 694 aunis,
571 617 613 682 ita
627 623 662 680 ut
675 619 889 683 auscultaverit
911 619 925 682 l
940 636 979 703 yn
995 619 1112 684 docenti
1127 620 1237 701 ipsum,
1261 622 1370 686 iterum
1386 637 1431 686 re·

163 750 268 798 versus
283 740 331 798 est
345 733 377 795 in
392 732 497 796 urbem
513 732 623 815 Po(l).
647 732 768 796 'lebeou
788 734 899 797 Ducem
914 749 975 798 uon
995 733 1135 799 babuisse
1156 735 1327 815 imperium,
1349 750 1433 815 aeqne

162 854 206 913 est
220 863 257 912 ac
272 846 287 911 l
303 846 360 911 snb
375 846 431 909 Hia
446 843 504 909 etl
518 862 556 929 yn
572 845 627 908 sub
642 845 703 908 Yn.
726 844 884 910 consocius
898 845 1013 911 aiebat:
1024 849 1103 926 qnod
1118 848 1220 930 'l‘ang
1233 854 1264 912 et
1280 848 1326 911 Yn
1342 848 1432 912 tradi·

136 956 138 961 ’
163 961 272 1038 derint,
291 960 346 1023 llia
362 974 451 1042 reges
466 959 513 1021 Yn
529 965 560 1024 et
574 959 695 1023 'lobeou
710 959 942 1036 transmiserint,
959 960 1114 1040 utriusque
1130 961 1205 1025 ratio
1220 962 1324 1026 eadem
1342 961 1402 1041 (2).

216 1077 252 1137 7.
276 1075 357 1137 Wan
382 1073 494 1154 mnang
522 1072 713 1154 interrogans
737 1072 779 1136 ait
802 1091 810 1134 z
834 1073 927 1155 vulgo
957 1073 1064 1138 dicitnr
1088 1075 1101 1138 l
1126 1091 1165 1158 yn
1189 1091 1244 1155 per
1266 1073 1434 1139 dissecandi

163 1187 369 1268 coquendique
392 1192 489 1250 artem
512 1185 684 1266 quaesivisse
709 1186 821 1267 T‘ung,
840 1192 925 1251 estne
944 1193 1069 1251 verum?
1089 1188 1234 1254 llentsins
1259 1186 1432 1269 respondit:

162 1301 354 1377 nullatenus;
380 1314 440 1364 non
461 1305 507 1363 est
528 1301 580 1364 ita.
608 1299 677 1381 lyn
692 1298 797 1363 arabat
810 1299 841 1363 in
857 1300 942 1365 Yeou
964 1300 1009 1365 siu
1032 1302 1157 1383 campis,
1181 1310 1212 1366 et
1232 1301 1437 1367 delectabatur

163 1415 227 1479 Yao
243 1420 275 1480 et
289 1415 389 1479 llboen
404 1412 540 1478 doctrina
551 1409 607 1497 (3).
631 1413 742 1477 Praeter
758 1412 800 1476 rei
814 1412 993 1492 aequitatem,
1014 1420 1098 1479 extra
1114 1416 1157 1480 rei
1171 1415 1232 1495 jus,
1251 1415 1437 1497 gratificatus

162 1526 490 1607 fuissesciimperium
508 1542 605 1606 neque
620 1526 816 1606 respexissem
833 1526 991 1608 alligasses
1004 1544 1150 1608 equorum
1165 1529 1248 1593 mille
1260 1528 1435 1609 quadrigas,

163 1657 219 1706 nec
233 1640 401 1722 aspexisset
418 1658 426 1703 ε
445 1648 552 1720 praeter
567 1641 611 1705 rei
625 1630 807 1719 somniem,
830 1646 937 1720 praeter
952 1648 1066 1706 rectam
1080 1641 1239 1719 rationem,
1262 1658 1353 1705 unam
1369 1643 1436 1705 ber·

163 1754 266 1819 bolam
281 1769 338 1819 nec
351 1754 564 1819 eamdedisset
577 1753 678 1829 alicui,
700 1768 791 1816 unum
811 1752 967 1818 herbulam
987 1771 1043 1819 nec
1056 1770 1123 1820 eam
1139 1756 1348 1835 sumpsisseta
1364 1770 1435 1835 quo·

164 1868 244 1949 piam
262 1865 319 1952 (4).
348 1868 422 1931 dnm
445 1868 547 1949 'l‘ang
569 1867 699 1931 misisset
720 1867 857 1931 bomines
878 1884 947 1931 cnm
963 1868 1066 1933 sericis
1088 1869 1245 1933 invitatum
1268 1869 1361 1945 illum,
1389 1867 1438 1932 sni

164 1988 323 2047 contentus
344 1981 387 2044 ait
404 2000 411 2044 :
429 1996 487 2063 ego
509 1982 579 2061 qnid
601 1981 638 2045 de
659 1980 760 2062 T‘ung
784 1980 963 2044 invitatoriis
987 1983 1090 2047 sericis
1116 1982 1242 2046 luciam?
1272 1982 1344 2045 ldibi
1366 1980 1437 2062 quid

164 2111 247 2175 nque
269 2094 328 2159 erit
342 2110 378 2159 ac
391 2095 506 2159 versari
520 2095 552 2157 in
567 2093 756 2158 canaliculatl
780 2094 846 2176 agri
872 2094 979 2171 medio,
1004 2103 1037 2159 ut
1052 2112 1089 2160 ex
1104 2097 1161 2159 boc
1183 2096 1312 2160 delecter
1327 2096 1392 2159 Yao
1407 2099 1437 2158 et

164 2209 266 2274 [lboen
281 2207 447 2272 institutis?
467 2208 569 2291 'l‘ang
583 2214 630 2273 ter
642 2207 732 2286 iussit
743 2206 787 2272 iro
801 2206 959 2273 invitatum
974 2209 1071 2273 illum.
1093 2210 1167 2274 bein
1183 2225 1253 2274 vero
1269 2214 1437 2273 commotus

96 2396 102 2409 p
164 2322 336 2387 immutavit
360 2321 461 2386 dicens
478 2341 486 2383 :
504 2321 603 2403 potius
627 2335 717 2401 qnam
739 2336 797 2403 ego
818 2336 921 2384 verser
934 2321 965 2386 in
981 2336 1124 2405 agrorum
1150 2323 1256 2401 medio,
1276 2330 1312 2386 nt
1331 2320 1438 2385 exinde

165 2436 296 2500 delecter
310 2437 376 2499 Yao
390 2440 421 2499 et
435 2434 535 2500 Gboen
554 2434 701 2510 doctrina,
723 2449 822 2498 nonno
837 2436 989 2514 prestabit
1003 2441 1036 2499 ut
1050 2451 1108 2519 ego
1122 2436 1246 2501 ediciam
1263 2438 1342 2499 bunc
1356 2434 1436 2515 prin·

166 2550 262 2628 cipem
278 2565 345 2614 esse
355 2564 373 2611 a
383 2548 448 2613 Yuo
463 2554 493 2613 et
507 2548 608 2614 dboen
623 2548 806 2635 prinoipem?
821 2562 920 2612 nonne
935 2548 1129 2629 prestabitnt
1145 2566 1203 2632 ego
1217 2549 1340 2614 ediciam
1356 2549 1438 2611 bunc

166 2663 310 2742 populum
332 2677 430 2727 essea
452 2664 517 2727 Yao
532 2670 563 2727 et
583 2662 683 2727 choen
705 2663 869 2741 populum?
898 2679 998 2727 nonne
1019 2663 1170 2753 praestabit
1192 2669 1224 2726 ut
1246 2678 1303 2746 ego
1319 2662 1349 2725 in
1371 2674 1438 2723 mea

167 2791 295 2855 persona
310 2775 436 2856 ipsemet
451 2776 566 2840 videam
581 2775 677 2839 illud?
700 2765 818 2840 Goelum
833 2790 995 2855 procreans
1009 2776 1090 2841 bunc
1103 2778 1257 2856 populum,
1277 2774 1368 2855 jussit
1385 2772 1438 2852 qui

168 2889 250 2969 prius
272 2889 415 2955 sciverint
433 2886 475 2974 (5)
496 2888 599 2955 indere
620 2904 741 2953 sensum
764 2888 952 2968 postmodum
974 2890 1146 2965 solentibus,
1170 2889 1260 2968 jussit
1280 2887 1331 2968 qui
1353 2885 1438 2966 prins

168 3002 318 3068 senserint
333 2999 376 3086 (6)
392 3002 508 3083 aperire
523 3017 644 3067 sensnm
660 3001 849 3082 postmodum
869 3003 1074 3067 sentientibus.
1097 3004 1161 3084 Ego
1175 3017 1193 3065 e
1207 3002 1276 3067 coeli
1290 2998 1438 3065 creaturis

168 3115 220 3195 qui
235 3115 318 3195 prius
337 3116 535 3196 persenserim
555 3132 639 3192 surm
662 3131 720 3197 ego
734 3117 803 3180 volo
823 3130 879 3195 ope
902 3115 992 3194 hujus
1013 3116 1154 3180 doetrinae
1176 3115 1292 3195 aperire
1314 3127 1437 3177 sensum

169 3229 240 3293 bnio
253 3231 363 3310 populo
376 3250 383 3292 :
396 3229 452 3293 nisi
469 3244 526 3313 ego
542 3229 642 3298 indam
652 3228 696 3293 illi
706 3243 837 3305 sensum,
856 3229 924 3309 ouis
938 3233 1048 3309 porro?
1068 3228 1224 3311 Cogitabat
1234 3228 1259 3291 sl
1273 3228 1304 3290 in
1319 3223 1438 3303 imperii

168 3343 278 3423 populo
292 3343 427 3424 privatus
441 3343 488 3407 vir
501 3344 549 3408 vel
566 3342 681 3423 privata
695 3342 803 3410 mulier
816 3348 897 3411 esset
906 3343 956 3423 uui
967 3359 1027 3411 non
1037 3342 1204 3427 reciperent
1219 3343 1283 3405 Yao
1294 3345 1324 3404 et
1335 3337 1437 3401 Gboeu

207 3578 254 3658 (1)
274 3584 352 3648 Urbe
363 3588 444 3666 regie
456 3586 598 3664 dynastiae
612 3586 724 3665 Chang.

209 3691 254 3770 (2)
275 3687 373 3778 T‘eng
384 3699 491 3761 uoilioet
505 3698 578 3773 Yon,
592 3697 636 3758 Yu
651 3698 758 3759 scilicet
773 3698 880 3759 (broco.

210 3803 253 3883 (8)
275 3788 316 3871 (ἦ
331 3788 387 3888 ξ,
402 3815 549 3890 antiquum
565 3813 736 3874 territorium
751 3815 779 3871 in
792 3832 882 3891 regno
897 3812 981 3875 Kouo
998 3785 1052 3878 R

208 3915 255 3995 (4)
274 3899 406 3989 itidem
419 3947 454 3987 eo
468 3902 525 4000 31²,
540 3926 667 4000 herbula,
684 3945 812 4004 mannen.

208 4029 254 4109 (5)
276 4038 417 4106 Scirerint
431 4039 533 4101 officia.

208 4143 254 4222 (6)
274 4153 422 4214 Seuomint
435 4153 588 4214 officiorum
605 4154 755 4215 ustionem.

266 4394 419 4473 externplo.
444 4358 503 4454 ¹Ko
534 4368 616 4477 (ΙΨ,
644 4392 785 4473 particula
913 4401 983 4456 tate.
1009 4395 1107 4467 Nono,
1124 4368 1183 4481 Ξ
1198 4370 1268 4483 Ξ,
1282 4390 1438 4453 multorum

265 4506 426 4568 numeralis
440 4509 477 4569 R.
492 4511 520 4569 9.
914 4526 1003 4568 voces.
1017 4511 1054 4570 lc.
1070 4511 1117 4568 80.

171 4593 239 4706 (Β
265 4622 358 4695 Haeo,
371 4594 550 4696 tumultuari,
561 4593 786 4705 vociferari-2
815 4592 883 4703 st
909 4618 987 4695 Fara,
1014 4622 1173 4697 nummula,
1200 4623 1325 4701 signum.
1362 4596 1435 4707 ff,

268 4708 338 4821 Ξ,
362 4735 414 4798 Sui
426 4744 577 4797 contentus
599 4736 660 4797 sine
675 4736 783 4814 eupidi-
912 4732 1175 4809 vomereuomere
