3556 5664
512 485 608 529 caron
627 484 784 528 motantur
798 496 838 513 ·-
851 484 924 526 rans
943 485 1106 528 aosrnruou
1385 475 1443 531 cto

230 601 281 666 10.
305 598 455 664 Mentaius
475 597 621 662 abdicavit
636 614 668 661 se
685 597 874 679 magistratu,
891 604 925 660 ut
940 604 1151 663 reverteretur.
1181 598 1245 664 Rex
1259 602 1384 665 accessit
1398 602 1443 665 in·

170 715 268 779 visere
290 713 455 777 identsium
479 711 604 776 dicens:
624 710 782 790 praeteritis
803 708 907 774 diebus
929 718 1138 791 exoptaveram
1165 713 1264 778 videre
1280 721 1320 790 te,
1338 721 1368 778 ct
1384 731 1444 779 non

171 838 329 907 potueram
354 824 513 891 obtinere:
531 824 645 889 obtinui
665 812 817 897 assistere,
835 829 865 887 ct
882 829 943 887 tota
959 824 1040 888 curia
1060 825 1147 890 valde
1162 827 1260 889 laetata
1275 833 1345 890 est:
1365 844 1446 891 nunc

170 941 282 1005 iterum
303 937 449 1018 relinquis
464 953 511 1001 me
527 945 561 1002 ut
576 938 747 1000 revertaris.
775 936 881 1001 Nescio
896 952 935 1000 au
952 936 1013 1001 lieri
1030 939 1138 1016 poterit
1153 945 1220 1018 post
1236 939 1303 1015 boc,
1322 946 1355 1003 ut
1370 940 1444 1004 obti-

170 1070 261 1119 neam
278 1053 420 1118 revisere.
444 1051 637 1130 Respondeas
647 1050 689 1114 ait
702 1069 710 1112 ε
724 1065 783 1115 non
798 1050 938 1115 auderem
957 1058 1070 1130 petere;
1088 1058 1214 1116 atcerte
1229 1053 1307 1131 quod
1323 1058 1441 1132 exopto.

171 1166 239 1231 Alia
253 1168 301 1232 die
317 1178 371 1229 rex
386 1165 542 1243 alloquens
567 1164 738 1243 praelectum
758 1162 819 1227 Gbe
835 1169 880 1226 tse
896 1163 938 1227 ait
956 1184 962 1225 :
981 1179 1038 1245 ego
1060 1165 1169 1228 vellem
1185 1165 1215 1229 in
1232 1165 1328 1230 medio
1351 1182 1446 1248 regno

172 1281 245 1344 dare
270 1279 399 1344 lientsio
423 1279 557 1352 domum,
574 1284 605 1341 et
620 1278 700 1341 alere
721 1276 882 1355 discipulos
898 1292 966 1340 cum
982 1278 1084 1340 decem
1108 1277 1189 1342 mille
1211 1279 1364 1358 campanis
1383 1279 1444 1357 (1),

173 1401 207 1458 ut
222 1410 327 1458 onrnes
343 1391 444 1474 magni
460 1388 591 1470 proiecti
609 1386 753 1472 regnique
768 1389 883 1454 incolae
898 1390 987 1455 simul
1004 1390 1133 1454 babeant
1148 1407 1236 1470 quem
1252 1399 1448 1456 revercantur

173 1513 204 1572 et
218 1507 386 1570 imitentur.
408 1500 453 1567 Tu
469 1504 571 1583 quidni
587 1519 641 1583 pro
658 1516 705 1567 me
721 1502 871 1585 significes
887 1504 964 1567 boc?
985 1503 1044 1567 Che
1060 1510 1105 1567 tae
1121 1521 1193 1566 usus
1208 1511 1255 1568 est
1269 1505 1386 1568 T‘clren
1402 1511 1447 1570 tse

174 1627 208 1685 ut
217 1620 247 1683 id
259 1625 395 1684 moneret
409 1614 568 1681 Mentsium
583 1616 643 1692 (ἲ).
666 1617 782 1681 T‘cbcn
799 1622 844 1680 tue
854 1617 890 1679 de
903 1615 964 1681 Glre
980 1622 1025 1680 tse
1040 1617 1127 1681 dietis
1143 1617 1257 1681 monuit
1272 1617 1444 1682 blentsinm.

175 1732 231 1805 Oui
245 1733 289 1796 ait
306 1753 313 1794 :
332 1732 389 1808 ita;
413 1731 465 1794 ille
486 1730 546 1794 dire
568 1736 613 1794 tae
636 1730 686 1810 oui
710 1735 811 1793 nosset
833 1731 891 1793 boc
912 1747 971 1795 non
994 1732 1118 1794 deceret
1146 1730 1175 1793 Si
1191 1738 1377 1810 supponatur
1398 1746 1448 1795 mc

175 1847 344 1912 desiderare
365 1845 495 1920 divitias,
520 1859 659 1907 recusare
681 1850 801 1907 centum
823 1842 916 1906 millia
931 1852 962 1907 et
976 1842 1113 1922 excipere
1134 1844 1236 1908 decem
1259 1844 1365 1921 maillia,
1390 1846 1448 1909 boc

165 1966 293 2025 'essetne
308 1959 477 2023 desiderare
491 1956 631 2020 divitias?
652 1956 690 2022 lli
700 1972 773 2019 suen
784 1954 881 2019 aiebat
895 1975 902 2019 :
917 1957 1035 2021 «miurus
1045 1971 1116 2020 sana
1133 1957 1178 2021 vir
1193 1957 1251 2020 Tse
1267 1958 1344 2022 cbou
1359 1958 1369 2020 i
1385 1954 1443 2037 (3)!

177 2074 207 2138 Si
221 2074 285 2154 lpse
306 2087 448 2136 exercens
463 2070 763 2144 administrationem,
788 2085 846 2133 non
866 2069 1053 2146 adhibeatur,
1079 2076 1150 2133 tunc
1172 2070 1291 2149 quidem
1313 2070 1444 2148 abdicet;

176 2190 208 2251 at
222 2200 327 2250 mrsus
343 2184 457 2249 eldeere
472 2192 507 2247 ut
521 2199 594 2246 suus
614 2183 692 2248 illius
716 2189 745 2246 et
770 2182 863 2246 trater
886 2192 988 2249 esseut
1013 2183 1088 2265 regii
1113 2183 1262 2247 ministri!
1291 2184 1447 2248 bominum

176 2300 296 2380 quidem
320 2298 423 2377 ecquis
444 2313 504 2362 non
525 2297 638 2376 appetit
662 2297 780 2360 diuitias
802 2302 832 2360 et
853 2297 1002 2361 bonores?
1024 2304 1056 2361 at
1077 2298 1159 2361 solus
1179 2297 1212 2361 in·
1231 2296 1401 2362 divitiarum
1417 2303 1448 2362 et

176 2414 325 2478 bonorum
342 2411 439 2475 medio
455 2410 565 2474 babere
579 2410 696 2489 privato
712 2410 837 2489 quaestui
853 2411 1008 2476 monticuli
1023 2415 1200 2493 suggestum
1216 2410 1300 2485 (4)t»
1324 2411 1447 2476 Veteres

176 2526 369 2591 instituerant
393 2524 503 2600 forum,
520 2532 554 2586 ut
569 2540 637 2587 cum
652 2539 688 2587 eo
703 2523 781 2602 quod
805 2522 871 2601 quis
894 2524 1032 2597 babebat,
1060 2528 1244 2602 permutaret
1258 2524 1287 2587 id
1304 2540 1362 2603 quo
1384 2524 1447 2604 ipse

176 2637 313 2715 carebat3
329 2645 360 2702 et
370 2638 514 2701 babentes
528 2636 743 2716 praefecturam
759 2635 926 2718 dirigebant
938 2639 1005 2702 boc.
1023 2637 1154 2702 luerunt
1165 2636 1240 2700 illes
1250 2637 1386 2701 immines
1396 2638 1448 2716 qui

176 2752 299 2817 omnino
310 2753 469 2816 voluemnt
484 2749 638 2815 mentienti
654 2756 843 2832 suggestum,
853 2755 883 2812 et
893 2752 1130 2815 conscendemnt
1141 2751 1238 2824 illum,
1249 2758 1282 2813 ut
1292 2750 1446 2814 sinistror-

177 2882 244 2930 sum
259 2872 290 2931 et
304 2866 493 2930 dextrorsum
519 2864 733 2944 prospicerent,
750 2869 781 2926 et
795 2863 1020 2942 expiscarentm
1041 2864 1096 2927 lori
1119 2865 1245 2928 lucrum.
1270 2863 1326 2926 blii
1343 2879 1448 2927 omncs

177 2985 355 3059 reputarunt
369 2993 422 3043 coa
436 2977 523 3053 viles,
535 2976 641 3040 etideo
656 2982 866 3056 processerunt
881 2974 918 3039 ad
934 2977 1098 3041 laciendum
1114 2993 1177 3041 rem
1192 2977 1369 3057 vectigalem
1385 2978 1443 3055 (5).

177 3092 340 3175 Vectigalis
365 3090 581 3155 mercatoribus
604 3089 753 3170 impositio
768 3106 804 3154 ex
824 3090 872 3152 bis
891 3089 1038 3170 despectis
1063 3089 1233 3155 bominibus
1257 3090 1374 3153 initium
1395 3091 1446 3153 ba·

177 3205 252 3270 buit.

236 3319 290 3382 ll.
313 3316 467 3395 denudas,
488 3316 679 3395 relieto'l‘si,
692 3317 877 3396 pernoctavit
890 3317 921 3380 in
932 3318 1052 3384 cheou
1065 3312 1121 3402 (6).
1140 3316 1266 3396 luitoui
1276 3315 1448 3381 desiderans

178 3448 232 3513 pro
249 3449 321 3516 rege
335 3432 468 3497 detinere
483 3431 654 3506 abeuntem,
671 3431 747 3495 sedit
760 3437 791 3494 et
805 3431 953 3495 allocutus
968 3439 1024 3496 est.
1048 3431 1191 3494 Mentsius
1206 3446 1265 3494 non
1281 3430 1445 3509 respondit,

179 3546 231 3610 sed
245 3545 366 3609 innixus
386 3546 529 3609 mensulae
544 3543 722 3609 obdormivit
738 3540 793 3628 (7).
823 3544 937 3624 Hospes
956 3561 1015 3610 non
1031 3550 1188 3610 contentus
1203 3544 1245 3607 ait
1262 3563 1269 3606 :
1288 3559 1345 3625 ego
1361 3542 1447 3608 disei-

179 3660 277 3739 pulus,
304 3664 422 3724 servata
445 3656 626 3723 continentia
649 3664 766 3722 noctem
783 3657 864 3750 duxi,
889 3663 919 3722 et
934 3665 1036 3737 postea
1052 3674 1143 3721 ausus
1158 3674 1225 3720 sum
1240 3656 1362 3735 alloqui.
1386 3657 1446 3720 lla·

179 3773 274 3855 gister
283 3773 394 3837 dormit
403 3780 433 3837 et
443 3787 502 3836 nou
513 3771 596 3835 audit
608 3789 615 3832 :
629 3771 704 3846 sine,
722 3771 801 3837 baud
812 3771 919 3837 iterum
930 3772 1054 3838 audeam
1066 3776 1095 3835 te
1106 3771 1245 3836 invisere.
1264 3770 1443 3850 Respondit:

218 4023 263 4102 (3)
286 4030 374 4106 Cujus
387 4031 522 4109 temporis
535 4030 565 4089 hi
579 4028 709 4089 homines
720 4029 837 4102 fuerint,
853 4030 1010 4106 ignoretur.

219 4136 264 4216 (4)
286 4144 392 4203 Nonne
404 4164 441 4204 ex
455 4142 510 4204 hoc
521 4143 610 4203 miras
623 4141 671 4202 ille
684 4142 790 4203 homoi
813 4142 926 4202 Induoit
939 4141 994 4201 hoc
1008 4139 1167 4219 exemplum
1189 4140 1338 4215 Mentaiua,
1352 4141 1389 4200 ad
1404 4161 1449 4202 os·

178 4258 355 4319 tendendum
368 4275 399 4318 oe
410 4276 468 4317 non
482 4256 640 4317 absimilem
653 4255 714 4316 fore
725 4256 793 4316 huic
806 4255 917 4317 homini
930 4256 980 4333 qui
994 4255 1136 4327 irridetur,
1148 4254 1172 4314 si
1185 4255 1291 4316 reditus
1307 4255 1448 4333 occiperet

179 4371 218 4432 ob
229 4371 389 4432 doctrinam
406 4389 471 4447 quae
485 4389 544 4429 non
557 4377 731 4447 exceptatur.

220 4474 267 4552 lo)
287 4483 336 4544 Ne
347 4483 424 4545 solus
435 4480 487 4544 iile
496 4481 608 4543 lucrum
622 4483 786 4562 perciperet.

219 4589 267 4668 (θ)
289 4595 369 4658 Urbe
381 4598 545 4677 propinqua
555 4590 594 4656 ad
606 4595 776 4660 libonotum.

219 4704 265 4783 (7)
289 4688 347 4786 Jlt,
360 4730 449 4792 parva
462 4708 595 4783 scabella,
608 4709 712 4789 quibus
722 4712 792 4774 olim
802 4721 903 4775 storeae
917 4708 1071 4787 insidentes
1084 4705 1288 4766 innitebantur.
