3672 5690
729 499 818 543 usura
844 498 1049 550 monueramus
1467 480 1523 543 177

248 614 333 681 tortis
350 631 424 681 vere
442 614 601 681 tortitudo!
619 613 644 678 si
658 628 785 697 regnum
808 620 909 677 eareat
931 612 1060 694 legibus,
1085 627 1179 692 usque
1194 613 1231 676 ad
1246 619 1374 676 mortem
1389 627 1449 676 nou
1463 611 1521 676 im·

248 729 371 807 mutari,
389 729 535 795 tortitudo
548 735 595 794 est
607 743 678 791 vere
692 726 777 792 tortis
806 724 848 810 (1)
864 732 871 789 t
1258 706 1262 715 ’

290 842 343 906 ll.
367 842 530 907 Gouiueius
544 842 586 906 ait
600 861 608 905 :
625 856 758 920 quaerere
782 839 933 904 recondita
947 845 1082 920 elegere
1096 839 1331 903 extraordinaria
1346 845 1379 902 ut
1392 837 1521 918 posteris

249 955 366 1019 saeculis
379 956 442 1020 siut
455 957 507 1036 qui
521 962 654 1030 narrent,
671 970 728 1036 ego
742 968 801 1018 nou
816 952 945 1016 lacerem
956 951 986 1015 id
999 970 1007 1014 :
1020 952 1172 1031 sapientia
1183 953 1338 1015 alumnum
1350 952 1450 1034 legere
1460 952 1519 1014 vir·

250 1069 321 1132 tutis
341 1067 424 1132 viam
437 1068 477 1133 ad
490 1068 715 1143 ambulandum,
736 1067 892 1147 mediaque
905 1065 953 1130 via
965 1064 1027 1144 jam
1042 1066 1179 1142 delicere,
1195 1081 1253 1147 ego
1268 1080 1327 1129 non
1343 1081 1461 1145 possem
1476 1064 1521 1129 sie

250 1180 403 1247 desistere.
429 1182 553 1263 Sapiens
566 1179 807 1246 viriuuilituriu
821 1179 911 1245 medii
924 1177 1135 1259 equabilltate,
1162 1177 1339 1261 fugiensque
1362 1178 1517 1255 seculum,

250 1309 303 1360 nee
316 1295 521 1378 cognoscitur,
537 1295 608 1376 quin
623 1300 722 1359 tamen
737 1293 879 1374 peniteat
895 1311 904 1356 ι
922 1293 1005 1357 solus
1018 1298 1140 1366 sanetus
1153 1298 1252 1373 potest
1265 1293 1322 1357 boe
1338 1289 1395 1376 (2).

289 1649 341 1714 li.
366 1649 515 1730 Sapientis
528 1650 576 1714 lex
590 1648 736 1713 immensa
750 1655 779 1712 et
794 1654 892 1713 tamen
909 1647 1060 1712 reooudita
1077 1643 1119 1731 (3)
1138 1666 1146 1712 z
1163 1648 1297 1712 virorum
1312 1646 1517 1711 leoninarum·

250 1778 305 1843 que
318 1763 408 1828 rudes
422 1763 512 1829 etiam
526 1763 627 1828 valent
641 1763 818 1842 participare
828 1762 894 1841 ejus
904 1760 1125 1844 cognitionem
1142 1761 1193 1825 sed
1205 1761 1302 1842 quoad
1312 1760 1376 1839 eius
1387 1761 1515 1840 apicem,

250 1875 365 1940 etiamsi
388 1883 511 1940 sanetus
534 1875 592 1954 vir,
618 1875 716 1966 adbue
731 1875 789 1940 erit
802 1875 881 1955 quod
895 1892 955 1940 nou
969 1875 1045 1939 seint
1071 1895 1078 1938 :
1106 1874 1239 1940 viromm
1266 1874 1518 1953 feminarumque

250 1988 370 2065 debiles,
395 1989 486 2053 eliam
508 1990 610 2055 valent
634 1988 760 2071 aggredi
780 1989 845 2068 ejus
867 1989 1002 2069 prauim;
1019 1989 1071 2051 sed
1085 1988 1240 2067 pervenire
1255 1988 1293 2051 ad
1306 1987 1372 2067 ejus
1385 1986 1513 2067 apicem,

248 2100 363 2166 etiamsi
378 2108 500 2166 sauctus
513 2103 571 2180 vir,
587 2103 685 2166 adbuc
698 2102 756 2166 erit
769 2101 847 2183 quod
862 2118 921 2166 non
937 2101 1050 2180 possit;
1066 2101 1176 2165 eoelum
1190 2101 1251 2164 imo
1264 2108 1295 2164 et
1310 2106 1390 2165 terra
1404 2114 1517 2182 magna

248 2221 328 2290 sunt,
347 2221 378 2279 et
394 2215 531 2280 bomiues
554 2217 653 2281 adbuc
676 2215 787 2279 babent
810 2216 889 2295 quod
912 2222 1134 2295 conquerantur
1159 2211 1215 2298 (t).
1248 2214 1318 2278 ldeo
1342 2213 1474 2293 sapiens,
1489 2212 1516 2277 si

249 2327 387 2407 loquatur
411 2328 487 2411 legis
511 2328 761 2412 magnitudinem,
786 2329 896 2393 eoelum
918 2327 996 2392 iutra
1018 2329 1120 2392 nullus
1135 2334 1233 2408 potest
1257 2327 1428 2403 continere;
1444 2325 1516 2391 etsi

249 2441 386 2521 loquatur
409 2441 616 2520 subtilitatem,
642 2442 752 2507 celum
775 2441 853 2505 iutra
877 2442 979 2506 nullus
1003 2448 1101 2521 potest
1124 2440 1282 2505 dividendo
1307 2454 1513 2521 perrumpere.

249 2554 371 2619 llarmeu
388 2553 452 2637 (ΙΙΙ.
471 2552 515 2639 5.)
531 2555 637 2620 aiens:
658 2554 754 2620 «iales
774 2554 902 2620 volando
925 2555 1069 2637 pertingit
1090 2556 1194 2631 eoelos,
1210 2560 1242 2618 et
1255 2555 1345 2634 piseis
1365 2553 1515 2618 subsultet

248 2666 277 2730 in
292 2667 433 2751 abyssis»
450 2668 598 2751 signifieat
610 2670 693 2733 illam
708 2685 857 2732 summam
871 2667 1004 2732 elimam
1019 2668 1198 2748 deprehendi
1215 2686 1223 2731 ε
1240 2668 1383 2749 sapientis
1396 2668 1445 2731 lex
1458 2666 1514 2730 init

248 2780 401 2846 exordium
414 2796 432 2844 a
446 2781 621 2864 vulgaribus
644 2780 815 2847 bominibus
839 2781 1017 2859 imminisre,
1033 2788 1065 2845 at
1079 2782 1252 2864 pertingens
1273 2797 1362 2845 suum
1384 2781 1510 2861 apicem,

249 2893 477 2973 deprehenditur
490 2895 522 2958 in
535 2897 611 2961 ooelo
626 2903 656 2961 et
669 2896 700 2959 iu
716 2902 796 2960 terra
812 2892 867 2979 (5).
925 2906 928 2911 ·

285 3128 330 3206 (1)
350 3137 398 3198 Ad
418 3137 546 3218 publicus
569 3139 680 3217 prodire
702 3138 867 3217 dignitates,
892 3139 993 3198 dieitur
1010 3113 1113 3199 fiseo
1136 3156 1298 3216 emergere3
1316 3111 1448 3216 ssergo,
1461 3155 1511 3199 seu

249 3251 362 3324 obstrui,
376 3251 550 3313 eontrarium
563 3252 708 3329 exprimit.

286 3354 330 3433 (2)
350 3335 543 3427 {iussione
556 3383 606 3442 pro
622 3337 673 3438 bii,
691 3344 730 3428 ἦ
747 3372 817 3424 uota
830 3363 944 3442 pomini.

285 3468 329 3544 (3)
347 3474 532 3538 Perieetionis
544 3475 602 3550 lex,
616 3480 760 3556 sapienter
781 3476 886 3555 agendi
904 3475 1011 3556 regula,
1029 3496 1168 3554 nusquam
1183 3496 1241 3535 uon
1254 3477 1325 3550 usui,
1335 3476 1445 3555 jugiter
1456 3477 1513 3537 iun·

247 3591 395 3668 pendenda
405 3564 483 3664 (fl),
494 3591 621 3667 adeoque
635 3591 775 3651 immensa
788 3590 884 3666 quoad
895 3590 955 3667 ejus
965 3591 1085 3669 praxim,
1099 3598 1129 3649 at
1139 3590 1286 3650 reeoudita
1299 3592 1395 3668 quoad
1407 3590 1512 3651 altiora

246 3704 392 3782 principis

284 3807 329 3885 (4)
351 3815 572 3896 conqueruntur
590 3817 695 3878 scilieet
716 3790 781 3876 omli
796 3818 946 3896 temperies
961 3825 1098 3894 terrasque
1112 3824 1267 3896 proventus
1283 3840 1292 3881 a
1308 3837 1376 3896 ergo
1391 3838 1450 3878 nou
1465 3837 1511 3878 so·

244 3927 305 3988 lum
321 3939 434 3991 muetos
452 3932 502 4006 vir,
526 3930 577 3990 sed
592 3931 684 4009 ipsum
699 3928 801 3993 eoelum
821 3939 851 3990 et
865 3939 950 4005 terra,
974 3928 1041 3990 lieet
1058 3947 1118 3990 tam
1133 3948 1240 4007 magna
1255 3931 1321 4005 siut,
1349 3931 1442 3991 adhue
1459 3930 1510 3991 uli·

243 4041 313 4118 qnid
328 4061 386 4103 nou
401 4051 529 4122 possum.
1571 4021 1576 4027 ’

283 4145 329 4224 (5)
351 4155 421 4226 Qum
443 4175 510 4217 eum
531 4156 574 4216 itu
596 4155 662 4231 siut,
685 4157 786 4217 merito
809 4158 922 4235 sapiens
944 4178 1009 4218 earn
1030 4155 1124 4236 legem
1147 4166 1208 4218 tam
1230 4158 1399 4220 immensam
1421 4167 1509 4236 atque

242 4267 375 4328 subtilem
398 4270 543 4349 praedicat,
566 4276 596 4330 et
620 4268 745 4330 Carmen
766 4290 830 4330 eam
846 4270 999 4348 symbolioe
1013 4292 1031 4331 a
1046 4271 1117 4331 eoelo
1132 4271 1170 4330 ad
1193 4272 1327 4349 abyssum
1349 4270 1507 4331 extendit:

241 4399 279 4440 ea
291 4381 367 4442 enim
381 4384 419 4444 ab
432 4384 493 4444 imo
510 4383 605 4462 abyssi
619 4383 765 4463 insipiens,
781 4382 883 4444 eoelum
899 4392 928 4444 et
944 4394 1049 4444 terram
1064 4402 1118 4444 sua
1132 4384 1232 4462 implet
1247 4384 1447 4444 immensitate.

239 4590 308 4703 sifi
336 4614 432 4694 ῩΠΙΝ,
454 4636 572 4696 vorago.
600 4616 657 4693 Yu,
670 4616 859 4699 tympaniso·
892 4588 961 4701 (ἢ
989 4601 1207 4689 T‘sso,orears‚
1221 4615 1312 4677 insere
1326 4614 1506 4680 :exordium

336 4751 397 4794 Μ
988 4703 1063 4819 ἐξ,
1076 4727 1212 4807 Progredi
1230 4751 1239 4793 a
1254 4728 1407 4810 pervenire,
1418 4725 1506 4786 adire.
