3554 5642
572 469 668 512 carun
688 467 837 510 1111111111
851 485 892 496 -
904 467 979 510 esan
998 468 1088 510 ennon
1406 454 1465 511 dod

193 583 336 664 populum
349 602 357 645 :
370 582 459 647 bonae
475 584 557 664 leges
567 596 584 644 a
596 583 705 661 populo
720 588 906 656 metuuntur,
922 580 1000 646 bona
1015 581 1191 645 documenta
1206 595 1224 643 a
1239 581 1349 661 populo
1364 596 1466 645 aman·

195 705 258 773 ttu3
274 696 356 761 bona
370 696 590 761 administratio
605 700 759 775 comparat
773 694 873 775 populi
888 709 960 776 opes
976 691 1032 780 (l),
1048 695 1125 759 bona
1141 695 1317 759 documenta
1332 694 1469 759 obtinent

196 810 294 891 populi
311 826 377 875 cor.

243 926 307 992 15.
332 923 478 989 lientsius
492 922 535 986 ait
551 942 559 985 ε
577 922 657 1002 quod
671 922 762 987 bomo
777 921 841 985 sine
857 921 955 986 studio
969 921 1102 1005 attingit,
1114 921 1143 984 id
1155 922 1300 985 naturalis
1315 928 1361 986 est
1376 921 1468 986 laeni-

199 1044 259 1114 tas;
276 1038 356 1117 quod
372 1036 437 1101 sine
452 1035 642 1101 meditatione
657 1035 823 1118 cognoscit,
834 1035 865 1099 id
875 1035 1021 1099 naturalis
1030 1042 1077 1101 est
1087 1050 1203 1099 sensus.
1226 1034 1361 1099 Bimulus
1373 1034 1467 1098 inian-

200 1152 289 1229 tulus,
310 1152 413 1215 nullus
428 1151 523 1216 nescit
537 1164 639 1213 amare
654 1165 726 1214 suos
741 1149 893 1231 genitores
909 1144 970 1232 (ig
995 1164 1122 1228 cumque
1136 1148 1163 1212 is
1177 1148 1350 1225 adoleverit,
1367 1149 1469 1213 nullus

203 1251 295 1331 nescit
309 1265 408 1329 colere
425 1280 513 1327 suum
531 1264 653 1327 fratrem
677 1262 832 1342 maiorem.
862 1262 992 1345 Diligere
1014 1262 1165 1344 genitores
1179 1270 1224 1326 est
1242 1263 1423 1340 humanitas,
1439 1269 1471 1327 et

204 1380 298 1443 colere
313 1383 385 1445 natu
402 1377 545 1457 maiorem
562 1377 755 1457 1111111111,
776 1376 910 1439 nonalia
925 1377 961 1440 de
976 1392 1078 1452 causa,
1096 1391 1186 1456 quam
1202 1375 1281 1455 quod
1300 1374 1471 1441 communia

205 1499 271 1555 sunt
287 1492 341 1557 toti
355 1490 492 1572 imperio.

261 1605 311 1670 16.
337 1604 481 1669 ilentsius
491 1604 533 1668 ait
546 1623 553 1667 :
567 1604 667 1669 Gboen
682 1603 816 1668 incolens
830 1602 974 1669 reconditi
986 1604 1097 1668 montis
1107 1604 1249 1679 medium,
1261 1603 1340 1668 inter
1349 1603 1472 1669 arbores

206 1733 350 1800 rupesque
375 1719 499 1801 degens,
526 1734 594 1783 cum
620 1719 717 1782 cervis
741 1718 879 1797 aprisqne
904 1715 1164 1796 prodeambulans,
1189 1733 1249 1796 quo
1267 1718 1294 1780 is
1313 1717 1473 1783 abludebat

207 1832 346 1897 reconditi
361 1832 472 1897 montis
487 1832 674 1896 silvestribus
688 1830 870 1907 bominibus,
888 1832 1039 1895 tantillum
1049 1839 1115 1895 erat
1126 1852 1134 1895 z
1147 1839 1178 1895 at
1188 1831 1239 1895 ubi
1248 1831 1364 1897 audiret
1378 1847 1471 1896 unum

205 1946 312 2010 bonurn
337 1945 475 2022 uerbum,
498 1945 672 2026 uideretque
692 1960 783 2008 unam
804 1945 913 2008 bonam
934 1946 1094 2021 actionem,
1112 1951 1176 2009 erat
1191 1946 1273 2008 velut
1288 1946 1472 2010 exundantes

205 2059 306 2123 Amnis
320 2065 351 2125 et
367 2059 499 2134 Florius,
517 2074 592 2138 quos
607 2061 667 2123 iate
682 2065 908 2138 perrumpentes
923 2058 997 2121 nibil
1014 2066 1112 2137 potest
1127 2074 1264 2123 coercere
1281 2055 1337 2144 (3).

262 2176 314 2238 17.
337 2173 482 2239 Mentsius
497 2171 539 2235 ait
556 2191 564 2235 :
583 2189 620 2236 ne
635 2187 709 2255 agas
718 2171 749 2236 id
761 2171 839 2251 quod
854 2187 914 2235 non
929 2172 1091 2254 agendum,
1109 2188 1147 2237 ne
1162 2172 1264 2252 cupias
1276 2173 1306 2237 id
1319 2173 1398 2253 quod
1412 2189 1472 2239 non

206 2287 394 2368 cupiendum,
411 2286 453 2349 ita
466 2285 528 2365 jaun
543 2286 617 2350 satis
631 2285 698 2351 erit.

261 2401 314 2465 18.
337 2400 483 2464 blentsius
497 2400 564 2462 uit:
582 2400 662 2479 quod
677 2401 767 2464 bomo
781 2398 890 2463 babeat
904 2400 1024 2467 virtutis
1041 2399 1278 2480 perspicientiam
1295 2400 1472 2465 industriae·

207 2530 261 2594 que
286 2513 486 2593 prudentiam,
514 2514 590 2577 solet
614 2513 686 2576 oriri
707 2528 744 2576 ex
766 2511 917 2577 laboribus
931 2520 961 2576 et
976 2512 1215 2579 adversitatibus.
1249 2511 1473 2579 Solum'abucti

207 2626 334 2690 ministri
357 2626 501 2705 notbique
521 2625 589 2709 lilii,
605 2626 627 2689 ii
641 2626 812 2691 custodiunt
836 2641 888 2690 cor
913 2626 1050 2705 sollicite,
1067 2626 1088 2690 ii
1104 2627 1286 2706 prospiciunt
1313 2642 1473 2691 aerumnas

208 2741 311 2824 longe;
328 2744 359 2804 ei
374 2739 440 2804 ideo
456 2740 530 2804 liunt
545 2745 747 2820 penetrantes.

263 2853 316 2918 19.
339 2853 484 2917 tlentsius
494 2853 534 2916 ait
548 2873 556 2915 :
570 2859 640 2917 sunt
655 2853 819 2917 servientes
834 2853 958 2933 principi
974 2854 1121 2931 homines,
1133 2854 1183 2933 qui
1194 2862 1228 2918 ut
1237 2855 1372 2919 serviunt
1383 2854 1473 2919 alicui

210 2967 343 3047 principi,
361 2968 463 3031 statim
478 2973 572 3050 agunt
587 2973 787 3031 assentatores
797 2974 827 3031 11
836 2966 985 3049 gratiosos
997 2975 1089 3031 nsunt
1101 2968 1329 3047 tranquillantes
1344 2984 1472 3050 regnum

210 3080 346 3156 ministri,
358 3080 409 3160 qui
421 3080 530 3144 babent
547 3096 650 3160 pacem
661 3080 787 3162 regniin
798 3080 930 3146 deliciis:
945 3087 1015 3145 sunt
1025 3082 1192 3145 conformes
1202 3082 1278 3146 coelo
1290 3082 1408 3161 privati,
1421 3082 1474 3162 qui

211 3193 376 3273 sipromoti
398 3195 513 3274 possint
534 3208 700 3276 propagare
715 3196 746 3257 in
761 3194 898 3274 imperio,
916 3201 987 3259 tunc
1002 3201 1118 3258 tantum
1139 3195 1304 3260 doctrinam
1326 3210 1472 3278 propaga·

210 3306 281 3371 bunt
297 3304 340 3392 (1)
355 3327 362 3370 :
381 3313 451 3371 sunt
466 3307 568 3391 inclyti
583 3307 652 3385 riri,
669 3306 721 3387 qui
735 3308 849 3388 seipsos
864 3308 1009 3391 dirigunt,
1026 3315 1057 3376 et
1071 3309 1162 3373 ceteri
1177 3309 1251 3374 recti
1266 3309 1341 3372 liunt
1357 3305 1412 3392 (5).

248 3662 293 3744 (1)
313 3671 376 3732 Sibi
387 3680 545 3750 comparat,
558 3691 607 3732 seu
621 3672 736 3748 acquirit
745 3670 858 3750 populo,
872 3680 902 3731 et
916 3672 957 3732 sic
970 3673 1094 3750 acquirit
1105 3673 1234 3751 principi.

248 3775 295 3855 (2)
314 3762 357 3848 ἃ
371 3804 463 3864 capax
477 3785 557 3859 risus,
573 3759 617 3846 fl
629 3785 694 3844 sinu
707 3782 854 3863 portabilis
867 3807 876 3848 a
888 3785 1009 3844 duorum
1021 3787 1144 3845 triumve
1162 3803 1302 3847 annorum
1315 3784 1419 3846 infans

246 3888 292 3969 (8)
313 3899 362 3959 Sic
376 3917 425 3977 per
439 3899 667 3958 antonomasiam
680 3896 769 3975 stg
780 3904 824 3957 111
837 3896 928 3975 kisng
940 3906 970 3958 et
982 3898 1092 3977 Hosng
1102 3898 1150 3958 ho.

247 3999 292 4080 (4)
312 4011 345 4073 Si
357 4019 503 4090 nequeant
518 4011 634 4071 omnino
647 4030 814 4090 propagare,
827 4010 938 4071 malunt
950 4009 1121 4075 delitescere.

249 4118 293 4197 (5)
315 4097 354 4186 a
370 4125 476 4187 scilicet
493 4103 531 4179 Ji
547 4147 555 4184 r
570 4132 672 4201 quarta
684 4123 747 4185 haeo
770 4124 964 4185 ministrorum
984 4123 1090 4203 classis,
1104 4126 1230 4187 omnium
1244 4136 1287 4187 est
1300 4128 1475 4207 praestantis·

211 4258 289 4301 sums

303 4604 496 4677 congregatae.
511 4566 580 4685 (ᾖ
591 4593 639 4671 ¹1¹1,
651 4593 822 4657 abscindere.
870 4565 940 4678 y?
953 4579 1079 4668 T‘ctssn,
1092 4593 1207 4655 morbus
1220 4611 1258 4654 ex
1271 4591 1363 4654 calone
1377 4616 1386 4657 t
1398 4613 1473 4659 mor·

211 4683 275 4802 (ᾖ
303 4712 379 4787 On,
395 4727 508 4793 porcus.
955 4707 1026 4770 bosa
1040 4710 1143 4771 cruxis.
