3572 5650
653 526 761 569 ramos
780 526 918 571 ussurus
1376 510 1413 571 '35

158 652 271 725 flauum,
288 651 394 716 album,
409 660 438 710 at
449 651 571 729 nigrum.
591 649 626 709 Iu
639 647 777 723 sandalio,
792 651 867 727 qnod
878 649 1118 728 repandirostrum
1137 649 1292 723 desinebat,
1309 656 1415 710 suturae

156 768 185 825 in
197 764 343 826 animine
356 767 536 825 adornatum
555 764 767 841 spissescebaut,
782 772 811 823 et
823 783 856 823 os
868 761 956 822 limbo
971 764 1174 839 instruebatur3
1199 764 1254 821 tria
1276 782 1343 841 ergo
1358 764 1414 822 dis-

157 879 325 957 tinguenda,
339 886 456 938 rostmm
467 864 524 935 le‘ia
535 850 598 948 ἰὴ),
608 874 748 936 funiculir'
763 848 826 949 lna,
836 885 866 936 et
878 874 980 936 limbus
994 865 1096 934 t‘otoea
1111 848 1173 949 (lid,
1187 896 1251 953 quae
1264 878 1293 934 in
1308 877 1415 954 reginae

156 990 286 1051 sandalio
300 991 368 1050 flavi
381 999 462 1051 erant
476 990 583 1051 colons.

193 1102 349 1176 Genualia,
363 1104 401 1163 ad
414 1104 551 1164 cincticuli
573 1105 672 1175 instar,
690 1102 735 1162 vel
748 1122 764 1162 a
777 1102 926 1162 miniatula
949 1102 1037 1175 aluta,
1061 1114 1163 1162 emata
1187 1113 1269 1163 erant
1283 1112 1312 1162 et
1326 1105 1413 1176 tiara,

155 1215 197 1277 rel
208 1216 353 1295 simplicia
362 1234 400 1276 ex
411 1216 477 1275 alba
489 1224 539 1277 aut
551 1218 635 1296 nigra
649 1215 728 1275 aluta
737 1224 767 1277 et
775 1218 875 1276 ceteris
889 1218 1013 1277 restibus
1027 1217 1226 1276 sociabantur:
1240 1217 1301 1277 baec
1309 1220 1345 1295 pi
1359 1191 1413 1280 iffa

153 1330 348 1409 dicebautnr3
370 1329 420 1388 illa
441 1349 514 1412 vero,
528 1333 589 1406 soa
604 1302 659 1393 iffa
674 1327 719 1388 vel
734 1304 780 1393 lb
794 1328 837 1389 rel
854 1301 894 1391 d:
909 1331 1023 1389 nomine
1046 1330 1191 1402 distincta,
1216 1331 1304 1389 tribus
1326 1333 1414 1390 etiam

153 1441 381 1515 emblematibus,
396 1463 442 1503 mu
456 1443 530 1521 igne,
545 1446 686 1505 montibus
700 1451 729 1501 et
742 1443 873 1514 dracoue,
894 1441 1094 1521 figurabantur,
1108 1462 1227 1519 quorum
1240 1442 1331 1520 reguli
1344 1465 1415 1504 uon·

152 1557 204 1616 nisi
216 1556 287 1629 duo,
302 1557 430 1635 primarii
444 1565 538 1617 autom
560 1558 681 1618 ministri
695 1557 746 1615 vix
759 1574 847 1615 unum
870 1555 1016 1617 habebant
1027 1580 1035 1615 ε
1045 1575 1143 1615 eorum
1165 1554 1314 1633 longitudo
1328 1558 1414 1636 tripe-

151 1670 251 1741 danea,
266 1668 393 1730 latitudo
407 1688 472 1729 vero
484 1671 592 1747 paulalis
605 1671 738 1749 superius,
753 1669 870 1729 iuferius
884 1669 1026 1747 bipedalis.

190 1781 276 1851 Quod
290 1783 329 1843 ad
342 1791 519 1856 omameuta,
533 1785 603 1845 satis
616 1784 662 1843 hic
676 1791 797 1860 quatuor
819 1783 945 1843 innuere.
966 1785 1010 1841 Ki
1023 1757 1078 1844 (ἦ
1090 1791 1152 1842 erat
1166 1800 1234 1842 acus
1248 1785 1413 1859 comatoria,

150 1913 206 1972 qua
220 1894 344 1973 capillus
358 1905 444 1974 atque
457 1897 528 1956 adeo
541 1896 629 1974 pileus
643 1896 841 1972 coercebatur3
854 1897 1015 1974 imperator,
1029 1896 1128 1973 reguli,
1145 1915 1297 1974 corumque
1311 1916 1414 1957 uxores

149 2028 284 2086 gemmea
306 2010 468 2082 utebantur,
492 2009 645 2088 toparcha,
668 2009 796 2082 litterati,
819 2028 972 2085 eorumque
993 2028 1097 2069 uxores
1111 2010 1242 2070 eburnea.
1273 2008 1321 2069 Ad
1334 2029 1414 2070 aures

150 2123 334 2183 obducendas
359 2123 520 2200 pendebant
534 2145 549 2183 a
562 2123 637 2201 pileo
660 2123 788 2194 crotalia,
810 2109 874 2180 t‘ien
895 2097 960 2192 JR',
983 2142 1033 2182 seu
1054 2122 1174 2201 pensiles
1197 2121 1295 2201 lapilli,
1319 2124 1414 2183 sericis

147 2236 323 2297 redimiculis
336 2248 386 2296 tan
399 2208 456 2297 ‘lli
468 2237 581 2309 aunan,
596 2239 646 2313 qui
659 2235 839 2296 crotaliorum
859 2237 950 2297 instar
962 2256 999 2298 ex
1012 2234 1156 2296 collisione
1176 2255 1275 2296 sonum
1296 2256 1414 2315 genera·

148 2348 225 2408 bant.
248 2348 277 2409 E
293 2348 406 2427 ciugulo
417 2351 495 2411 varia
504 2350 666 2427 pendebant
679 2357 854 2422 ornamenta,
867 2359 900 2410 ut
909 2349 1101 2429 scalptorium,
1115 2348 1261 2428 spiculum,
1275 2369 1412 2428 gemmae:
1495 2328 1499 2334 ’

147 2460 214 2521 illaad
228 2485 246 2523 e
259 2465 384 2540 gemmis
403 2472 466 2524 erat
478 2465 673 2541 potissimum,
697 2462 917 2540 continebatque
930 2465 960 2522 in
974 2464 1079 2525 vertice
1102 2482 1200 2552 ausam
1214 2463 1284 2539 deep
1295 2443 1361 2536 cti,
1375 2483 1414 2525 ex

148 2592 203 2651 qua
227 2575 396 2655 pendebant
418 2585 475 2636 tres
496 2576 616 2636 funiculi
636 2549 729 2647 (bd),
750 2595 871 2652 quorum
891 2578 945 2637 duo
965 2576 1095 2637 laterales
1118 2575 1263 2636 habehant
1278 2578 1307 2636 in
1320 2577 1413 2638 medio

146 2688 378 2766 quadrangulam
392 2693 440 2748 lein
455 2668 518 2761 «ἦ,
528 2692 559 2749 in
568 2689 623 2749 flue
639 2708 704 2750 vero
714 2689 948 2750 aernicircularem
961 2710 1103 2768 gemmam
1114 2690 1205 2767 toanp
1219 2667 1290 2768 <iffi
1306 2691 1413 2750 medius

146 2809 245 2862 autem
259 2803 431 2863 internectus
443 2803 567 2864 rotunda
578 2824 618 2880 pa
633 2776 698 2873 Ἣ,
712 2803 920 2862 terminabatur
934 2803 1102 2882 triangulari
1115 2780 1156 2863 ff
1169 2781 1218 2877 ff,
1232 2824 1296 2881 quae
1309 2803 1413 2864 latera-

145 2912 219 2974 hhua
232 2916 399 2993 impingens
421 2938 522 2978 sonum
544 2917 654 2977 edebat.
686 2916 816 2991 Denique
830 2916 860 2974 in
876 2936 964 2977 manu
977 2918 1013 2977 ad
1026 2924 1228 2977 oruamentum
1240 2916 1346 2977 tabella
1359 2918 1414 2975 dou

148 3002 198 3088 ᾖ,
214 3029 406 3101 deferebatur,
422 3051 487 3108 qma
499 3032 530 3089 in
543 3028 793 3090 connumeratae
807 3005 857 3089 «ἓ
873 3031 1030 3096 differebat
1048 3030 1124 3107 quod
1137 3028 1198 3089 baec
1211 3031 1322 3109 insigna
1339 3038 1411 3089 esset

145 3143 344 3220 etdignitatis
368 3144 512 3215 indicium,
536 3143 586 3203 illa
608 3163 674 3202 vero
697 3144 811 3201 ornatui
835 3150 948 3202 tautum
971 3144 1165 3205 subserviret:
1184 3142 1221 3202 ab
1243 3145 1413 3222 imperatore

144 3274 289 3331 gemmea,
300 3276 319 3314 a
327 3257 433 3334 regulis
446 3258 578 3328 eburnea,
589 3257 715 3316 coeteris
730 3256 886 3316 arundinea
900 3257 1107 3334 praeferebatur.
1130 3255 1249 3333 Regium
1261 3257 1413 3316 utebantur

142 3369 249 3448 capitis
263 3379 444 3444 ornamento,
460 3370 608 3430 ademtitiis
622 3368 731 3447 capillis
744 3368 860 3443 innexo,
873 3378 991 3447 eratque
1004 3370 1127 3449 triplex:
1143 3378 1319 3448 gemmatum
1333 3349 1411 3444 (gt),

143 3481 295 3542 intextum
308 3476 322 3555 (
333 3453 405 3554 fl),
418 3501 581 3544 connexum
595 3462 660 3553 (di
670 3503 717 3541 aea
729 3450 800 3545 ἃ).

181 3594 229 3656 Π.
253 3592 344 3655 Nunc
356 3596 395 3656 ad
407 3597 541 3675 specialia
563 3596 753 3659 devenientes.
777 3595 982 3657 duodenarium
1002 3599 1139 3693 imprimis
1159 3599 1304 3659 innuimus
1324 3600 1413 3679 impe·

141 3710 251 3769 satoris
278 3709 491 3770 vestimentum.
525 3715 555 3768 1⁰
577 3685 629 3769 Ji)
647 3685 699 3771 effi
720 3719 748 3767 ta
762 3696 857 3767 la‘r'eoa.
892 3710 992 3771 Rheno
1005 3731 1042 3773 ex
1055 3714 1139 3790 nigra
1165 3714 1234 3790 agni
1259 3711 1338 3789 pelle,
1366 3714 1413 3772 cui

140 3821 272 3900 simplex
295 3822 381 3900 nigra
402 3832 473 3901 toga
485 3798 547 3896 (ἶ
562 3805 626 3889 ᾗ)
644 3822 921 3902 superinducehatur,
948 3825 1033 3885 rubro
1047 3827 1084 3885 ad
1106 3824 1211 3885 collum
1233 3834 1263 3884 et
1285 3827 1413 3886 manicas

140 3933 251 4013 limbo3
273 3934 360 3995 limus
379 3935 524 3998 balneolus
539 3913 603 4008 (ff
618 3912 688 4010 ᾗ),
710 3936 797 3995 rubra
815 3938 949 4013 genualia
967 3913 1030 4008 (dt
1045 3913 1117 4013 ld),
1140 3938 1207 3998 alba
1228 3958 1309 4013 zona,
1327 3939 1413 3999 rubra

140 4048 280 4108 sandalia
302 4048 386 4127 nigro
399 4060 491 4110 rostro
505 4050 629 4111 funiculo
642 4060 672 4111 et
684 4049 781 4123 limbo,
804 4049 903 4110 infula
915 4053 1009 4128 quarti
1024 4053 1137 4125 ordinis,
1157 4052 1279 4111 sonante
1291 4072 1413 4131 gammae

139 4160 226 4232 albae,
242 4182 379 4240 gemmea
390 4162 497 4223 tabella
509 4167 521 4243 (
531 4139 591 4228 ff)
604 4187 612 4222 ε
626 4163 817 4241 usurpabatur
831 4163 860 4221 iu
874 4163 1014 4225 sacrificiis
1030 4185 1140 4225 summo
1156 4166 1335 4225 Domiuatori
1349 4145 1410 4238 (Τ.
1537 4176 1543 4188 ·

143 4256 218 4347 ἦ),
245 4277 376 4352 quinque
397 4275 613 4355 imperatoribus
627 4277 638 4348 (
650 4255 691 4337 fi
710 4257 749 4340 ili
759 4268 778 4348 l,
806 4278 918 4337 excelso
943 4280 1033 4338 monti
1047 4259 1109 4349 (E
1126 4256 1186 4343 ff)
1212 4287 1241 4337 et
1264 4279 1413 4357 regionum

137 4389 294 4467 spiritibus
308 4366 372 4458 (ἢ
387 4362 427 4449 lli
436 4383 449 4455 )
461 4390 638 4470 peragendis
668 4393 700 4450 2ο
722 4362 774 4452 (ᾗ
791 4362 845 4449 (ἦ
860 4392 927 4449 toea
944 4392 1024 4452 mim.
1053 4392 1146 4470 Nigra
1159 4393 1259 4453 trabea
1274 4410 1339 4452 cum
1352 4390 1412 4452 hol-
1537 4415 1540 4419 ·

139 4501 227 4562 reolo
236 4502 323 4575 limo,
336 4505 489 4563 novenario
502 4502 674 4565 emblemata
686 4504 827 4578 decorata,
842 4503 937 4564 iufirlae
950 4504 1034 4584 primi
1042 4505 1157 4578 ordinis,
1171 4505 1257 4565 rubra
1269 4505 1412 4582 genuffla,

137 4614 212 4675 alba
236 4634 313 4675 aona
327 4617 536 4695 :usurpabatur
557 4618 589 4676 in
606 4615 746 4678 sacrifieiis
767 4618 918 4695 majorum,
941 4619 990 4694 qui
1008 4617 1122 4677 fueram
1143 4619 1326 4698 imperatores
1348 4590 1412 4688 (ff

142 4709 218 4804 Ξ),
251 4737 284 4788 et
309 4729 342 4788 iu
365 4728 523 4808 regulorum
550 4728 733 4792 salutatione.
762 4735 794 4794 3⁰
813 4701 867 4795 R,
882 4703 937 4791 ‘fi
951 4730 1005 4808 pia'
1022 4733 1100 4790 maa
1131 4729 1290 4792 Phasianae
1316 4730 1412 4803 vastis,
