3672 5690
762 461 865 502 niuem
893 460 1024 503 cornuria
1469 445 1524 504 lol

263 587 319 636 non
334 572 425 637 babet
439 573 470 637 in
487 573 655 652 semetipso,
671 579 702 635 et
715 580 786 637 tunc
799 574 894 652 carpit
907 573 937 634 in
952 573 1018 635 aliis
1034 570 1090 657 (l).
1110 571 1194 645 Quod
1207 569 1368 636 includitur
1381 571 1411 635 in
1426 572 1526 652 seipso

262 687 374 750 nonita
389 701 562 766 exaequans,
578 693 722 763 ettamen
746 687 847 749 ualens
869 686 1044 767 convincere
1065 687 1151 764 alios,
1167 688 1193 750 is
1207 687 1337 750 nondum
1352 687 1449 749 extitit
1465 684 1520 769 (i).

261 800 329 863 Ideo
343 815 523 879 componere
539 816 664 881 regnum
679 799 815 864 consistit
828 799 857 862 in
874 799 1035 864 ordinanda
1050 817 1103 864 sua
1118 799 1240 863 tamilla.
1263 799 1387 863 Garmen
1402 800 1451 877 (Ι.
1470 800 1525 872 6.)

261 913 302 976 ait
319 933 326 976 :
346 913 501 993 «persicus
515 913 565 976 illa
580 929 670 993 quam
684 913 837 989 tenellula,
853 913 918 992 eius
932 914 1001 977 lolia
1016 929 1106 992 quam
1124 912 1270 977 virential
1294 912 1351 975 ista
1367 913 1464 992 puella
1478 918 1525 976 est

260 1026 421 1106 innuptiis,
440 1026 596 1106 quadrabit
605 1043 665 1089 suae
674 1025 792 1089 familiae
801 1026 981 1101 bominibus,
997 1051 1010 1082 l
1025 1026 1181 1106 quadrabit
1191 1042 1251 1089 suae
1265 1025 1383 1088 familie
1397 1025 1523 1090 bomini-

260 1139 327 1216 bus,
344 1146 375 1204 et
388 1146 459 1203 tunc
474 1146 613 1219 poterunt
622 1139 738 1203 edoceri
750 1140 835 1221 regni
846 1140 981 1204 homines
993 1137 1048 1223 (3).
1063 1140 1187 1203 Carmen
1199 1147 1209 1214 t
1218 1139 1256 1202 ll.
1274 1139 1325 1213 lb,
1335 1139 1348 1217 )
1358 1140 1398 1201 ait
1412 1159 1420 1201 :
1436 1155 1523 1203 «cou-

261 1254 414 1317 venienter
429 1253 564 1316 tractatis
578 1252 699 1316 tratrem
714 1253 869 1332 majorem,
886 1252 1096 1317 convenienter
1111 1253 1256 1317 minorem
1267 1240 1296 1314 :i
1313 1251 1524 1316 convenienter

260 1372 390 1430 tmctant
403 1366 526 1430 fratrem
542 1364 696 1445 majorem,
710 1366 920 1431 convenienter
930 1366 1087 1443 minorem,
1099 1374 1129 1431 et
1139 1374 1210 1430 tunc
1219 1372 1360 1445 poterunt
1369 1365 1525 1429 instituere

259 1479 345 1562 regni
360 1478 507 1543 bomines
525 1478 891 1555 darmen(1.152.)ait:
909 1479 1009 1541 «illius
1021 1479 1179 1561 integritas
1192 1479 1312 1542 estsine
1324 1478 1401 1554 labe,
1414 1478 1524 1561 dirigat

259 1593 324 1656 baec
337 1599 464 1672 quatuor
478 1607 571 1675 regna
588 1612 595 1655 :
617 1617 630 1649 a
648 1603 755 1671 nempe
769 1593 794 1655 is
808 1608 901 1673 agens
915 1599 1042 1672 patrem,
1059 1593 1163 1668 filium,
1189 1592 1311 1656 tratrem
1335 1591 1478 1671 majorem
1493 1597 1524 1656 et

259 1706 417 1782 minorem,
433 1706 543 1788 diguus
553 1712 599 1769 est
609 1705 784 1781 imitatione,
797 1714 827 1770 et
838 1711 909 1769 tunc
922 1707 1050 1785 populus
1062 1705 1227 1770 imitabitur
1240 1705 1349 1784 ipsum.
1372 1705 1525 1769 lddicitur

258 1819 339 1899 quod
352 1834 530 1898 componere
544 1835 671 1901 regnum
685 1820 821 1883 consistit
835 1820 864 1881 in
879 1820 1043 1884 ordinando
1058 1835 1142 1882 suam
1157 1818 1312 1882 familiam.

302 1933 355 1995 10.
376 1930 459 2004 Quod
472 1932 580 1996 dicitur
595 1932 750 2012 pacificare
774 1933 931 2012 imperium
956 1932 1119 1996 consistere
1132 1933 1160 1995 in
1176 1932 1379 2011 componendo
1403 1931 1523 2010 proprio

258 2061 365 2128 regno,
381 2061 487 2124 nempe
502 2046 637 2125 superior
652 2047 777 2110 bonorct
790 2047 934 2121 seniores,
946 2047 1113 2125 etpopulus
1126 2044 1302 2108 excitabitur
1312 2045 1349 2108 ad
1359 2044 1521 2123 pietatem3

256 2159 394 2238 superior
405 2165 576 2222 revereatur
587 2157 727 2238 majores
743 2165 772 2223 el
787 2160 913 2239 populus
924 2159 1056 2241 erigetur
1065 2159 1102 2221 ad
1112 2159 1273 2222 fraternam
1282 2158 1520 2235 observantiam3

256 2272 396 2351 superior
418 2271 595 2335 misercatur
619 2273 832 2351 orpbanomm,
856 2279 887 2336 et
907 2273 1033 2352 populus
1058 2287 1117 2336 non
1142 2270 1306 2336 rebellabit.
1337 2269 1524 2351 Quapropter

255 2384 377 2464 sapiens
391 2384 527 2465 princeps
541 2392 622 2449 tenet
635 2386 784 2450 metientis
806 2402 917 2450 norme
939 2385 1116 2466 principium
1133 2381 1187 2469 (4).
1219 2383 1289 2457 Quae
1313 2360 1469 2464 displicent
1490 2384 1522 2449 in

254 2499 420 2577 superiore,
430 2514 544 2562 uocum
554 2499 600 2561 bis
611 2499 896 2578 iubeasinleriores3
909 2498 1176 2579 quaedisplicentin
1185 2498 1335 2574 interiore,
1348 2514 1386 2561 ne
1396 2513 1465 2562 eum
1474 2499 1523 2561 bis

253 2612 371 2675 servies
384 2611 530 2692 superiori
545 2632 553 2675 :
570 2612 649 2691 quod
662 2613 810 2675 aversaris
824 2612 854 2676 in
869 2613 1063 2691 praecedente,
1080 2628 1117 2676 ne
1130 2611 1271 2676 adbibcas
1284 2612 1314 2674 in
1329 2611 1521 2691 praecedendo

295 3087 344 3167 (l)
365 3072 406 3160 ἢ
420 3106 449 3157 et
467 3074 550 3160 ssin
565 3098 657 3157 medio
673 3098 782 3176 phrasis
794 3100 869 3159 idem
883 3107 948 3159 mut
962 3119 996 3159 ac
1011 3080 1054 3162 st
1066 3142 1073 3171 ‚
1087 3098 1260 3178 proindeque
1271 3117 1352 3176 aeque
1365 3106 1433 3159 eunt
1448 3119 1521 3178 prae-

251 3211 358 3288 positio
371 3216 399 3268 et
421 3211 579 3288 significant
594 3213 632 3285 in,
657 3232 737 3290 teque
758 3220 826 3271 eunt
847 3220 918 3272 note
938 3214 1042 3290 pueeivi
1055 3221 1085 3273 et
1098 3213 1256 3289 significent
1269 3230 1296 3272 α.
1323 3213 1359 3271 In
1375 3213 1428 3272 fine
1442 3231 1519 3287 vero,

251 3300 386 3387 eicutss
408 3324 658 3400 intemogationem
677 3327 805 3399 denotat,
831 3326 874 3385 ita
898 3304 984 3391 ciffi
1008 3326 1212 3403 interrogantis
1225 3323 1270 3384 vel
1289 3325 1451 3385 dubitantis
1464 3334 1518 3401 est,

251 3411 296 3494 θ’
315 3412 511 3499 ἥειιαωθτ
528 3414 569 3496 ἓ
583 3413 624 3498 ῗτ
642 3413 683 3502 ἦ
696 3439 797 3516 quidni
812 3439 894 3499 obici
1025 3426 1030 3437 ’

294 3538 340 3617 (2)
360 3548 536 3627 Exaeqnenq
550 3549 656 3611 scilicet
666 3571 722 3613 aee
731 3552 824 3611 metiri
837 3550 915 3613 elice.
940 3550 1066 3612 Ornetnr
1081 3553 1182 3612 virtute
1196 3571 1282 3630 quam
1293 3552 1330 3612 ab
1341 3552 1404 3615 eliis
1414 3552 1515 3630 exigit,

250 3669 351 3720 careat
364 3664 434 3722 vitio
447 3664 522 3739 quod
536 3663 566 3721 iu
580 3662 644 3724 aliis
657 3665 755 3743 carpit

294 3765 341 3844 (3)
362 3776 443 3845 Quod
458 3776 487 3833 iu
505 3774 637 3837 cannino
650 3778 752 3856 pemim
766 3779 891 3852 occurrit,
909 3779 1001 3839 obiter
1013 3777 1061 3840 hic
1073 3779 1109 3840 de
1128 3778 1264 3858 pertimln
1280 3760 1323 3840 ff:
1343 3798 1441 3854 unum,
1463 3800 1519 3843 neo

249 3885 359 3948 nulline
379 3888 448 3949 iliud
471 3889 508 3948 ad
527 3889 742 3967 intelligendum
764 3891 997 3970 scribendumque
1018 3894 1165 3965 momenti,
1189 3894 1325 3954 adnotare
1345 3894 1517 3971 proeetabitt

249 4003 388 4077 exprimit
408 4003 513 4062 scilicet
533 4013 628 4062 actum
650 4012 825 4082 presentem,
846 4025 906 4066 eece
919 4007 950 4065 in
964 4007 1095 4083 agendo,
1107 4007 1147 4067 ire
1161 4006 1199 4066 ad
1211 4008 1354 4084 egendum
1367 4029 1375 4083 3
1398 4007 1471 4068 uude
1485 4016 1518 4068 et

249 4089 313 4187 ff,
326 4137 375 4176 seu
390 4117 438 4188 ire,
458 4117 604 4193 significat.
626 4117 674 4178 Sic
686 4117 717 4177 in
731 4126 813 4179 textu
828 4140 836 4177 t
850 4096 892 4177 fi
906 4120 984 4178 enim
1005 4120 1110 4179 dicitur
1130 4121 1165 4178 de
1179 4119 1274 4197 puelle
1296 4120 1430 4191 nubente,
1451 4139 1518 4198 quae

247 4247 317 4288 cum
331 4249 397 4288 rero
411 4238 476 4308 poet
489 4231 603 4307 nuptiae
616 4238 764 4307 paternam
779 4232 882 4310 repetit
895 4232 1022 4305 domum,
1037 4234 1141 4293 dicitur
1155 4211 1196 4296 ἒξ
1212 4210 1270 4292 ffi.

291 4334 335 4410 (4)
357 4321 470 4408 fflcnm
486 4315 773 4405 &confundimu-
782 4343 875 4424 Regni
883 4345 1004 4425 populun
1013 4347 1095 4407 iteee
1104 4346 1200 4419 babet,
1210 4346 1319 4424 imperii
1328 4345 1515 4425 populuenon

246 4453 333 4515 aliter
344 4478 374 4518 ee
387 4456 525 4535 hebebit3
539 4456 688 4518 hominum
700 4458 777 4519 enim
792 4460 891 4519 endem
906 4467 950 4519 eet
962 4469 1064 4521 notura
1072 4484 1080 4522 e
1088 4467 1174 4536 abque
1187 4459 1250 4519 ideo
1263 4461 1376 4538 sapiens
1385 4459 1516 4538 princepe

247 4588 267 4629 a
276 4588 307 4630 ee
318 4573 435 4632 metitur
445 4578 475 4630 et
487 4571 609 4647 quadrat
617 4569 696 4632 alico.
756 4547 909 4649 ssmetiri,
924 4550 967 4634 ἦ
975 4594 1076 4636 norma
1086 4594 1135 4635 eeu
1144 4591 1269 4653 gnomon
1285 4562 1427 4651 (equiem),
1440 4568 1516 4632 ecili-

244 4691 293 4744 oet
307 4686 400 4747 metiri
413 4684 489 4747 alios
502 4702 567 4744 cum
580 4687 624 4747 aui
638 4705 747 4747 norme.
