3554 5642
569 455 664 500 carun
685 456 802 499 sexuum
814 472 856 484 -
868 455 942 498 rans
960 456 1049 498 auron
1381 442 1441 502 act

169 568 361 648 respoudeat.
395 569 486 651 llegls
508 568 606 633 colore
627 569 775 644 restituto,
799 574 871 633 tunc
890 584 962 633 uero
983 568 1112 633 instituit
1132 569 1383 649 percontationem
1403 568 1441 634 de

167 681 279 745 diversi
303 681 493 765 cognominis
513 681 667 745 ministris.
698 681 884 762 Respondit:
903 682 928 745 si
943 683 1080 762 princeps
1095 682 1202 746 babeat
1216 684 1346 763 culpam,
1369 690 1442 747 tnnc

167 794 406 861 admonitionem
424 794 542 873 sacient,
559 801 589 859 et
604 795 629 859 si
644 795 751 875 sepius
766 811 800 859 ea
816 796 922 860 iterata
935 811 996 860 non
1012 795 1123 873 audiat,
1142 803 1212 861 tunc
1227 795 1359 861 abibunt.

555 1059 762 1161 CAPUT
796 1059 1063 1161 sexum

221 1358 290 1422 Kao
313 1356 508 1437 philosophus
523 1354 565 1419 ait
581 1376 589 1419 ε
607 1361 713 1419 natura
734 1354 916 1419 assimilatur
931 1355 1025 1432 salici,
1049 1355 1173 1436 aequitas
1186 1354 1369 1418 assimilatur
1388 1370 1439 1434 uo·

165 1472 233 1535 culo
249 1472 301 1535 rel
319 1471 428 1534 crateri
447 1490 454 1533 :
472 1487 508 1533 ex
526 1469 655 1533 bominis
669 1476 775 1532 natura
791 1484 864 1550 ages
884 1469 1098 1533 immanitatem
1115 1475 1143 1532 et
1159 1467 1339 1548 equitatem,
1363 1466 1441 1532 sicut

164 1601 201 1648 en
217 1584 314 1649 salice
330 1583 421 1647 iacies
436 1590 581 1647 craterem
596 1579 651 1666 (l).
670 1582 813 1646 blentsius
823 1583 883 1646 ait:
898 1597 935 1646 an
947 1589 979 1646 tu
990 1582 1086 1662 possis
1100 1581 1327 1648 obsecundando
1341 1581 1441 1645 salicis

164 1705 309 1761 naturam
330 1696 399 1761 iude
418 1697 533 1761 edicere
553 1701 707 1775 pateram?
729 1695 853 1760 Debebis
868 1697 928 1759 nm
944 1697 1055 1761 taciens
1076 1697 1182 1761 ledere
1198 1696 1330 1770 salicem,
1352 1695 1441 1759 etsie

163 1811 233 1875 inde
253 1811 368 1877 efficies
388 1817 534 1891 pateram.
563 1809 645 1882 Quod
665 1809 691 1872 si
712 1808 862 1888 torquebis
883 1810 1031 1890 laedesque
1050 1812 1171 1875 salicem
1191 1817 1225 1873 nt
1244 1808 1312 1872 inde
1331 1807 1441 1871 efficias

165 1932 316 2004 pateram,
335 1939 374 1987 an
386 1939 460 2006 ergo
475 1923 565 1987 etiam
581 1923 732 2003 torquebis
747 1923 893 2004 laedcsune
909 1924 1068 2000 bominem,
1089 1925 1126 1988 ad
1141 1922 1287 2007 agendam
1303 1920 1439 1984 humani·

164 2044 258 2101 tatem
269 2048 304 2101 et
312 2038 502 2117 aequitatem?
523 2034 675 2101 bdducere
689 2036 805 2116 imperii
821 2037 957 2101 homines
968 2046 1001 2101 ut
1017 2039 1207 2116 pessundent
1223 2035 1439 2100 humanitatem

165 2156 195 2214 et
209 2151 395 2230 equitatem,
416 2149 445 2213 id
461 2149 593 2229 proiecto
608 2157 654 2213 est
669 2155 738 2213 tuus
753 2165 852 2215 sermo
869 2148 922 2235 (2).

222 2265 256 2328 i.
279 2265 348 2329 Kao
363 2264 558 2343 plrilosopbns
572 2264 612 2326 ait
630 2261 672 2347 (3)
692 2283 700 2326 z
718 2269 824 2327 natura
839 2271 885 2328 est
902 2265 982 2329 velut
997 2264 1135 2329 volubilis
1149 2280 1242 2346 aqum
1267 2261 1388 2328 deducis
1402 2261 1440 2326 ad

165 2378 347 2442 orientalem
363 2385 477 2457 nartem
492 2379 573 2441 etad
588 2378 732 2440 orientem
752 2376 876 2454 deluet;
901 2378 1018 2443 derivas
1033 2376 1069 2441 ad
1088 2379 1302 2443 occidentalem
1324 2382 1439 2456 partem

166 2498 193 2554 et
210 2491 248 2554 ad
263 2490 451 2555 occidentem
467 2490 585 2555 detinet.
609 2489 743 2554 Hominis
759 2495 865 2553 natura
882 2506 940 2555 non
960 2492 1101 2555 discernit
1115 2493 1193 2556 inter
1207 2491 1318 2556 bonurn
1333 2496 1364 2553 et
1378 2504 1439 2553 non

164 2603 296 2680 bonum;
323 2604 400 2668 sicut
421 2618 497 2683 aqua
520 2619 579 2668 non
602 2602 744 2667 discernit
764 2602 843 2666 inter
862 2604 1007 2669 orientem
1022 2612 1052 2669 et
1071 2603 1264 2670 occidentem.
1293 2602 1439 2667 ltentsius

165 2717 206 2781 ait
222 2738 230 2780 :
248 2733 331 2797 aqua
353 2733 423 2782 vere
444 2732 503 2781 non
526 2717 683 2797 distinguit
704 2716 781 2780 inter
803 2717 947 2782 orientem
968 2726 998 2783 et
1019 2717 1201 2783 occidentem
1219 2735 1227 2781 :
1245 2733 1317 2781 nunr
1343 2730 1438 2796 neque

164 2830 327 2913 distinguit
347 2831 426 2895 inter
447 2847 597 2894 summurn
612 2835 643 2894 et
656 2829 770 2893 imum?
790 2831 925 2895 Hominis
947 2840 1053 2896 natura
1073 2831 1149 2896 bona
1169 2839 1226 2908 cst,
1249 2829 1341 2895 veluti
1360 2844 1437 2910 aqua

165 2944 237 3023 uerit
251 2944 317 3008 ima
331 2966 338 3007 :
353 2945 442 3009 bomo
457 2945 558 3007 nullus
573 2950 619 3007 est
635 2944 693 3007 noir
709 2943 817 3021 bonus,
834 2959 911 3024 aqua
926 2962 1073 3026 nusquam
1088 2960 1147 3009 non
1163 2943 1325 3009 descendit.
1352 2942 1438 3007 Nunc

163 3072 340 3136 seruaque,
360 3057 385 3119 si
396 3057 544 3137 percutias
560 3057 783 3136 faciasqueeon
794 3056 943 3135 subsilire,
959 3059 1070 3138 notens
1080 3057 1194 3124 edicere
1204 3057 1437 3122 uttranscendat

165 3169 313 3247 bontem;
332 3171 358 3235 si
369 3172 522 3235 contineas
531 3178 562 3235 et
573 3178 726 3253 retroagas
736 3171 831 3246 illam,
848 3173 960 3251 poteris
974 3172 1088 3238 edicere
1098 3179 1131 3236 ut
1141 3179 1260 3236 maneat
1271 3171 1302 3233 in
1313 3176 1434 3234 monta:

166 3282 193 3346 id
214 3290 318 3348 autem
342 3285 485 3364 numquid
504 3300 588 3365 aque
608 3290 734 3348 naturai
760 3285 831 3364 Ejus
851 3291 948 3349 status
969 3286 1118 3350 violentus
1136 3284 1249 3350 scilicet
1268 3284 1309 3347 ita
1332 3283 1437 3363 :quod

165 3395 255 3463 bomo
271 3397 368 3477 possit
382 3398 497 3463 edicere
512 3405 651 3480 egentem
668 3398 791 3474 malum,
808 3397 873 3477 cius
889 3405 995 3463 notura
1010 3400 1099 3464 etlam
1115 3398 1192 3463 siem
1206 3399 1268 3462 illa.

223 3512 254 3575 3.
278 3512 346 3575 llao
361 3511 555 3592 pbilosonbus
565 3511 606 3575 ait
619 3530 625 3573 :
639 3511 699 3574 vita
710 3511 817 3575 dicitur
831 3521 946 3576 natura.
967 3512 1110 3576 blentsius
1122 3511 1220 3576 subdit
1233 3531 1240 3574 :
1254 3511 1315 3574 vita
1327 3509 1436 3574 dicitur

166 3629 281 3703 natura,
303 3640 343 3687 an
359 3625 436 3689 sicut
451 3624 551 3688 album
566 3623 674 3688 dicitur
688 3623 811 3688 album?
830 3623 880 3689 bit
897 3646 905 3689 :
923 3625 974 3690 ita.
997 3624 1042 3689 bn
1057 3625 1131 3689 albae
1147 3626 1255 3705 plumae
1270 3623 1375 3688 albedo
1389 3628 1436 3686 est

363 3902 608 3910 ..mm-.-

202 4109 248 4187 (1)
269 4119 413 4180 Mentsim
428 4120 572 4180 asserebat
585 4128 718 4180 naturam
742 4118 865 4183 hominis
879 4141 929 4201 per
941 4142 971 4182 se
985 4131 1100 4195 rectam,
1116 4123 1244 4201 adeoquo
1268 4121 1433 4200 equitatem

166 4228 206 4289 illi
219 4234 379 4293 necessario
392 4235 493 4293 inesse.
515 4234 625 4294 Stoicus
643 4234 708 4293 Keo
721 4243 764 4295 tse
777 4244 939 4314 propugnat
959 4237 1124 4313 aeqnitotem
1137 4235 1179 4296 illi
1192 4237 1367 4296 extrincecus
1381 4234 1432 4296 ad-

166 4345 269 4418 venire,
284 4354 315 4406 et
330 4346 420 4406 utitur
433 4344 526 4407 mollis
538 4345 611 4423 ligni
624 4346 817 4420 similitudine,
839 4349 915 4425 quod
929 4349 956 4407 in
971 4356 1100 4427 peterem
1115 4348 1241 4428 lig-neam
1255 4349 1429 4409 efformatus.

204 4449 248 4528 (2)
271 4459 393 4520 sienim
420 4460 541 4536 aequites
561 4460 647 4520 laedat
669 4470 812 4525 naturam.
835 4461 896 4536 quis
909 4462 995 4537 agell
1018 4437 1102 4523 *in
1116 4460 1180 4536 fine,
1196 4459 1364 4522 affirmantis
1376 4469 1429 4522 est

204 4565 248 4639 (3)
270 4573 377 4634 Sinon
391 4572 507 4646 malam,
522 4571 622 4632 saltem
637 4582 768 4632 naturam
784 4573 876 4633 dicam
892 4574 1109 4635 indifferentem.
1127 4575 1182 4636 Est
1192 4574 1267 4635 enim
1278 4573 1353 4652 νῆας
1370 4575 1430 4634 rita

169 4691 270 4759 autem,
284 4705 331 4747 serr
345 4704 445 4747 senem
455 4695 485 4746 et
495 4694 600 4759 motus,
610 4687 771 4747 indifferens
784 4694 827 4746 est-
841 4686 878 4745 ed
891 4687 995 4746 bonum
1008 4688 1055 4748 rel
1067 4688 1184 4750 malum
1206 4724 1208 4727 ·
