3524 5652
604 461 702 508 carun
721 462 853 509 martene
869 479 909 493 -
921 462 996 509 nans
1016 463 1107 507 maon
1429 452 1489 514 457

218 575 346 657 «pluvia
366 575 475 661 irriget
495 583 630 641 nostrum
650 591 841 642 communem
860 591 980 659 agrum,
1002 582 1032 641 et
1051 576 1118 642 dein
1133 577 1263 660 attingat
1277 584 1414 645 nostrum
1428 580 1488 663 pri·

216 696 362 754 ratum.»
382 692 487 756 Solum
502 690 640 771 adiutorii
660 691 820 755 methodus
839 689 967 755 habehat
983 690 1134 771 publioum
1154 706 1278 773 agrum
1296 709 1334 757 ex
1347 710 1407 775 qno
1422 711 1488 775 per·

218 791 355 885 spieitnr‚
383 806 463 886 qnod
487 805 535 869 vel
560 803 616 868 sub
640 805 762 871 Toleou
786 803 877 869 etiam
898 808 964 867 erat
987 803 1167 883 adiutorium
1187 801 1241 889 (1).
1281 807 1404 872 Praesto
1428 807 1489 873 sint

219 917 387 995 convietus,
404 917 451 999 (t)
460 917 628 1002 gymnasia,
645 918 766 984 scholae
776 921 807 982 et
820 915 882 980 ludi
892 917 930 981 ad
944 916 1110 983 edocendos
1125 923 1192 981 tuos
1201 920 1259 999 (3).
1282 920 1488 986 convietusah

218 1031 338 1108 alendo,
356 1032 418 1096 ludi
428 1031 466 1095 ab
476 1030 649 1108 erudiendo,
666 1030 822 1115 gymnasia
833 1045 850 1093 a
862 1030 1043 1111 jaculatione
1056 1050 1064 1093 :
1077 1038 1107 1096 et
1117 1031 1161 1097 sio
1176 1031 1231 1096 ilia
1246 1034 1371 1100 vorabat
1387 1020 1485 1113 ludos,

218 1144 267 1209 Yn
282 1145 410 1209 vocabat
424 1145 593 1229 gymnasia,
610 1145 732 1211 'seleon
746 1150 833 1209 vocat
849 1144 1021 1220 convietus3
1039 1145 1158 1210 solnolas
1174 1161 1244 1212 sero
1258 1154 1321 1213 tres
1335 1148 1488 1232 dynastiae

217 1273 313 1339 aeque
328 1258 478 1323 habebant
487 1274 538 1322 eas
548 1260 605 1337 (4).
623 1257 735 1323 Omnes
748 1263 834 1323 erant
844 1257 881 1321 ad
898 1257 1072 1339 explicanda
1086 1258 1217 1324 hominis
1231 1260 1325 1326 olimia
1337 1281 1345 1325 :
1359 1262 1488 1327 nominis

217 1371 321 1436 officiis
343 1371 501 1436 illustratis
521 1371 558 1436 ab
573 1373 645 1448 alto,
670 1370 803 1436 minutus
822 1371 950 1452 populus
969 1370 1074 1454 diliget
1091 1372 1210 1437 inimo.
1239 1375 1271 1439 sl
1286 1376 1440 1459 contingat
1453 1381 1488 1440 nt

216 1501 310 1549 verus
320 1500 451 1568 regnans
466 1492 605 1568 exurgat,
622 1485 755 1567 protecto
769 1485 1054 1564 venietaeoepturus
1068 1486 1248 1567 exemplum,
1268 1489 1369 1570 sieque
1379 1490 1488 1555 evades

215 1598 282 1663 reri
298 1599 452 1682 regnantis
467 1598 620 1681 magister.
644 1598 710 1665 lmo
724 1596 787 1663 0da
802 1604 814 1676 (
823 1597 876 1663 111.
891 1598 919 1661 l.
937 1601 947 1668 l
960 1597 1023 1662 ait:
1039 1599 1180 1664 «Teneou
1194 1601 1264 1667 lieet
1278 1603 1433 1684 antiquum
1448 1603 1489 1668 sit

217 1727 360 1795 regnum,
377 1712 442 1793 eius
456 1712 648 1793 imperatoria
663 1711 821 1777 destinatio
836 1711 954 1776 nonnisi
969 1727 1071 1777 nora»
1085 1713 1122 1777 de
1132 1715 1210 1778 Wen
1226 1730 1298 1797 rege
1312 1722 1359 1781 est
1373 1732 1484 1783 manto.

216 1825 354 1902 Domine,
381 1826 494 1891 enitere
516 1825 590 1890 illud
611 1841 713 1910 agere,
740 1831 770 1890 et
785 1825 875 1890 etiam
897 1824 965 1889 inde
987 1840 1098 1891 novum
1113 1826 1222 1892 edieies
1243 1834 1327 1895 tunm
1343 1845 1483 1913 regnum.

215 1973 262 1985 -
291 1939 400 2003 Missus
429 1939 566 2004 minister
594 1939 628 2003 Pi
657 1940 745 2003 tehan
776 1938 943 2018 quaesitum
968 1938 1004 2003 de
1028 1941 1180 2006 tessellata
1207 1940 1395 2025 insperatione
1425 1941 1481 2029 (5).

216 2052 362 2117 llentsius
377 2052 420 2116 ait
436 2073 443 2115 :
462 2069 530 2118 enm
546 2058 617 2116 tuus
632 2053 771 2134 princeps
785 2067 986 2135 aggressurus
1000 2067 1140 2119 eneroere
1154 2055 1319 2121 humanum
1335 2056 1483 2139 regimen,

217 2166 342 2248 elegerit
367 2173 457 2246 atque
481 2166 596 2231 miserit
617 2174 655 2243 te,
676 2165 813 2231 tudetes
831 2179 868 2230 eo
887 2164 967 2230 vires
987 2182 1120 2232 exerere.
1153 2167 1324 2235 Humanum
1349 2170 1485 2253 regimen

216 2279 305 2344 debet
319 2294 336 2342 a
351 2280 548 2345 delineatione
572 2279 700 2344 limitum
725 2278 869 2344 inchoari.
899 2277 1023 2343 sienim
1044 2279 1201 2347 delineatio
1225 2282 1354 2348 limitum
1369 2298 1429 2348 non
1444 2285 1487 2349 sit

217 2399 311 2467 reeta,
328 2407 472 2475 agrorum
487 2393 632 2474 quadrata
642 2408 701 2459 non
711 2399 800 2457 erunt
814 2392 949 2472 aequalia
964 2391 1145 2476 frugumque
1159 2394 1304 2476 stipendia
1314 2412 1374 2463 non
1384 2414 1481 2479 aqua.

216 2506 330 2577 ldeiroo
346 2506 477 2570 immites
492 2506 641 2586 principes
659 2505 828 2586 sordidique
848 2505 989 2587 praetecti
1004 2507 1125 2571 omnino
1139 2508 1299 2592 negligunt
1313 2511 1391 2575 hane
1405 2511 1483 2576 limi·

216 2626 281 2683 tum
296 2619 536 2685 delineationem.
559 2619 721 2685 llelineatio
737 2618 865 2682 limitum
880 2618 931 2682 ubi
944 2625 1027 2683 reeta
1042 2620 1092 2697 sit,
1110 2620 1214 2686 divisio
1229 2636 1371 2705 agrorum
1382 2630 1413 2689 et
1423 2624 1482 2689 dis·

217 2732 338 2796 tributio
353 2732 568 2812 stipendiorum
584 2738 709 2812 possunt
724 2732 852 2797 sedendo
867 2732 957 2797 etlam
972 2732 1163 2798 determinari
1174 2731 1230 2819 (6).
1247 2736 1348 2818 T‘eng
1362 2737 1481 2818 quidem

216 2845 399 2911 territorium
424 2853 587 2934 angustum
608 2853 670 2923 est;
694 2853 726 2910 at
740 2844 833 2910 futuri
846 2844 887 2909 ibi
902 2851 973 2909 sunt
993 2847 1153 2926 sapientes,
1179 2847 1271 2912 iuturi
1295 2850 1385 2914 etiam
1410 2858 1481 2917 sunt

216 2959 332 3023 rurales
345 2960 483 3024 homines
501 2943 591 3025 :sine
606 2958 800 3039 sapientibus,
818 2974 906 3023 nemo
920 2959 1099 3042 gubomanit
1115 2963 1231 3027 rurales
1246 2962 1398 3041 homines3
1415 2964 1481 3029 sine

215 3072 363 3150 ruricolis,
376 3089 465 3139 nemo
477 3073 607 3138 enutriet
621 3073 770 3152 sapientes
781 3068 836 3157 (7).
855 3072 920 3150 lae,
937 3088 1048 3151 quaeso,
1060 3073 1091 3137 in
1101 3074 1477 3155 loeisinirequentioribus,

214 3201 249 3250 ex
265 3201 372 3251 novem
389 3204 482 3250 unum
499 3186 538 3249 sil
552 3186 631 3265 quod
646 3185 797 3250 communi
811 3200 901 3265 opera
916 3185 1050 3264 colatur3
1066 3186 1098 3251 in
1113 3187 1200 3271 regni
1214 3194 1314 3253 autem
1329 3190 1426 3255 medio
1440 3208 1480 3256 en

212 3299 314 3363 decem
330 3316 423 3364 unum
436 3299 508 3380 iube
522 3299 603 3379 ipsos
616 3299 646 3362 in
662 3298 806 3363 tributum
821 3301 937 3364 solvere
953 3296 1006 3383 (8).
1032 3300 1184 3365 Primariis
1199 3300 1344 3366 ministris
1358 3303 1477 3370 interio-

211 3427 260 3476 res
281 3410 338 3497 (9)‚
357 3419 475 3493 oportet
496 3413 626 3478 habeant
647 3418 752 3495 putum
773 3427 894 3496 agrum,
917 3421 1007 3492 putus
1028 3428 1099 3478 vero
1120 3428 1194 3498 ager
1208 3431 1246 3479 ex
1260 3415 1477 3500 qninquaginta

248 3893 293 3972 (4)
314 3898 427 3961 Suholm
439 3907 524 3960 mant
536 3900 568 3959 in
580 3900 648 3962 nabe
662 3901 756 3981 regim
775 3906 869 3962 uetera
882 3909 968 3961 extra
979 3901 1087 3963 arbon.

245 4003 297 4085 (5)
316 4014 362 4074 De
375 4013 458 4073 terris
469 4011 577 4073 seilicet
589 4014 618 4073 in
634 4034 736 4075 norem
750 4013 892 4092 quadrata
903 4013 1001 4076 divisis
1014 4015 1052 4076 ad
1063 4016 1185 4079 formam
1197 4016 1301 4079 littere
1314 3996 1375 4083 33².

248 4118 293 4200 (6)
313 4126 367 4189 Uri
379 4143 449 4186 mox
464 4126 583 4206 patebit

248 4233 295 4309 (7)
313 4241 371 4301 Pro
384 4240 513 4318 utrisque
526 4258 595 4319 orgo
607 4238 715 4319 aliquid
729 4241 922 4302 statuendum.

246 4346 293 4427 (8)
318 4335 354 4417 Β
374 4328 413 4415 ss
429 4353 492 4432 egri
504 4351 654 4433 metropoli
677 4355 848 4434 adjacentes,
872 4336 916 4418 ff
930 4356 992 4436 egri
1004 4356 1070 4418 inde
1084 4358 1249 4420 remotiores
1261 4380 1271 4419 a
1283 4357 1325 4419 illi
1339 4361 1472 4440 pinguio-

189 4485 260 4541 nes,
274 4467 399 4546 adeoque
412 4466 565 4527 decumani
577 4486 637 4527 esse
649 4478 774 4547 possum,
788 4475 821 4527 nt
834 4469 950 4547 gravius
963 4471 1177 4533 submin‘mtrent
1189 4471 1369 4537 colonarium.

247 4571 292 4650 (9)
313 4580 421 4652 Qnssrns
436 4589 522 4642 tenne
539 4579 712 4659 stipendium
734 4580 863 4643 sufficere
877 4585 986 4663 nequit.
1007 4583 1096 4647 Pntus
1112 4605 1189 4665 ager,
1213 4594 1315 4665 preter
1327 4593 1407 4646 oerta
1418 4588 1470 4649 sti·

204 4694 317 4773 pendio,
330 4694 529 4757 merifloiornm
542 4692 677 4774 impsum
692 4695 856 4759 attributus.
