3524 5652
494 512 589 556 csrtr
610 512 892 562 cuneatus-raas
911 511 1075 555 romarios
1355 498 1415 557 523

151 624 249 691 existit
266 644 273 688 :
291 625 393 690 dircen
416 626 505 689 bomo
519 631 594 700 erat,
612 640 670 707 ego
684 624 773 689 etiam
795 625 886 690 bomo
901 640 984 701 sum;
1007 624 1108 689 Ghoen
1124 623 1179 688 init
1193 625 1345 704 exemplar
1360 641 1414 705 pro

151 746 212 805 toto
232 738 372 820 imperio,
400 738 659 803 transmittendum
681 738 712 802 in
737 745 871 818 posteras
895 739 1120 821 generationem
1150 753 1207 820 eqo
1232 739 1329 802 adbuc
1353 755 1413 802 non

151 853 221 917 desii
240 868 308 918 esse
330 853 440 916 ruralis
462 854 550 916 bomo
567 871 574 913 :
593 851 622 914 id
642 852 760 931 quidem
783 854 891 931 poterit
912 852 1011 916 dolere
1032 868 1041 914 ι
1063 851 1173 916 dolebit
1193 850 1222 915 id
1245 851 1413 929 quomodo?

150 981 271 1046 compar
293 966 406 1043 dicen,
424 972 495 1029 tunc
510 963 646 1029 cessabit.
669 963 708 1027 dt
723 965 818 1045 quoad
834 966 919 1042 illud,
937 981 995 1044 quo
1011 963 1129 1045 sapiens
1143 972 1284 1047 angatur,
1302 964 1330 1027 id
1341 980 1413 1029 vero

149 1078 232 1143 abest
250 1097 257 1141 :
275 1079 348 1158 quin
364 1079 403 1142 sit
417 1076 582 1142 humanum
596 1078 638 1141 nii
653 1077 728 1160 agit,
745 1078 816 1158 quin
827 1078 867 1142 sit
880 1080 1019 1143 decorum
1035 1078 1077 1141 nil
1092 1082 1231 1158 prestat:
1245 1077 1270 1139 si
1285 1094 1359 1161 ergo
1374 1079 1414 1142 sit

149 1191 247 1272 aliquo
263 1207 352 1256 mane
366 1192 542 1267 adversitas,
557 1190 620 1269 jam
636 1191 760 1271 sapienti
776 1207 835 1255 non
851 1192 910 1256 erit
923 1206 1027 1275 angor.

205 1305 258 1369 29.
281 1305 331 1370 Yu
346 1312 377 1370 et
397 1304 449 1369 'isi
471 1303 666 1369 versabantur
682 1304 712 1367 in
728 1303 850 1384 pacifico
863 1320 943 1381 aevo;
960 1313 1006 1368 ter
1021 1304 1229 1385 pertransiisse
1244 1321 1329 1368 suam
1345 1321 1411 1384 por·

149 1426 208 1482 tam
228 1435 285 1483 nec
303 1417 444 1495 intrasse,
468 1416 625 1481 Coniucius
646 1417 777 1482 laudam
798 1419 864 1483 boc.
895 1418 961 1482 Yen
977 1423 1022 1482 tse
1040 1418 1142 1482 incidit
1163 1418 1194 1481 in
1210 1417 1412 1483 turbulentam

148 1538 281 1608 amtem;
306 1533 415 1615 degere
432 1532 461 1594 in
477 1530 527 1593 uili
546 1530 718 1613 angiportu,
742 1531 831 1595 unius
852 1532 970 1596 fiscella
991 1531 1085 1608 cibus,
1109 1532 1199 1595 unius
1220 1531 1412 1595 cucurbitula

148 1652 249 1726 potus;
274 1645 324 1709 alii
346 1661 406 1710 non
426 1643 636 1708 sustinuissent
658 1644 826 1722 eujusmodi
848 1646 1030 1725 squalorem,
1053 1645 1119 1711 Yen
1138 1651 1184 1709 ιιι
1199 1659 1254 1709 nec
1273 1645 1411 1709 immuta·

147 1758 188 1821 vit
206 1774 293 1822 suam
316 1759 510 1833 bilaritatem,
536 1756 694 1822 donlucius
718 1759 850 1822 laudavit
871 1758 960 1822 istud.
991 1758 1135 1821 bientsius
1148 1758 1190 1821 ait
1207 1778 1214 1822 :
1233 1759 1293 1834 Yu,
1315 1759 1365 1821 Tsi
1381 1765 1412 1822 et

148 1872 210 1937 Yen
227 1873 294 1936 boei
310 1873 389 1936 idem
405 1872 545 1936 tenebant
560 1870 626 1935 iter.
655 1871 703 1935 Yu
719 1871 881 1953 cogitabat,
899 1871 923 1935 si
938 1871 1053 1951 imperii
1075 1870 1183 1951 aliquis
1204 1871 1409 1954 submergere·

148 1991 206 2062 tur,
229 1986 324 2049 veluti
346 2001 379 2049 se
400 1985 485 2048 illum
510 1984 731 2049 submersisse:
749 1983 800 2048 Tsi
815 1986 842 2049 is
857 1990 921 2050 crat
943 1984 1060 2048 animus
1076 1992 1109 2048 ut
1123 1985 1149 2047 si
1167 1984 1283 2065 imperii
1303 1983 1411 2064 aliquis

147 2098 283 2174 esuriret,
300 2098 387 2178 quasi
401 2098 464 2178 ipse
480 2099 557 2162 fame
572 2099 728 2177 pressisset
743 2097 828 2162 illum
842 2119 849 2161 :
862 2098 928 2163 ideo
942 2098 983 2161 ita
994 2097 1037 2161 illi
1052 2098 1171 2163 solliciti
1187 2104 1280 2163 erant.
1307 2097 1337 2161 Si
1347 2097 1408 2172 Yu,

147 2211 196 2276 'lsi
210 2219 240 2277 et
255 2212 323 2277 Yen
339 2219 384 2277 tse
399 2218 565 2275 mutassent
585 2212 693 2289 vicem,
718 2217 788 2276 tunc
810 2228 914 2276 omnes
935 2211 1039 2277 ecdem
1061 2218 1158 2291 pacto.
1188 2212 1243 2277 liic
1264 2227 1336 2276 sane
1351 2210 1411 2275 sint

146 2325 276 2406 ejusdem
292 2326 401 2390 domus
416 2324 551 2390 domines
565 2326 616 2406 qni
631 2326 782 2400 rixentur3
799 2340 973 2391 succurram
988 2325 1058 2402 illis,
1071 2333 1101 2390 et
1115 2325 1185 2391 iicet
1200 2326 1306 2390 solutis
1320 2325 1410 2405 capil-

147 2440 183 2502 lis
196 2439 411 2522 superailigato
434 2438 521 2518 pileo,
545 2439 709 2502 distraham
724 2454 787 2515 cos,
804 2438 919 2505 decebit
939 2436 995 2523 ιι).
1019 2437 1102 2511 Oucd
1119 2439 1189 2503 siin
1206 2439 1275 2522 pagi
1295 2438 1411 2503 viciniis

147 2551 203 2615 sint
218 2552 360 2630 mantes,
381 2559 412 2617 et
426 2552 531 2616 solutis
553 2551 668 2632 capillis
689 2553 902 2635 superalligato
924 2553 1010 2633 pileo,
1037 2553 1144 2617 vadam
1166 2554 1306 2617 dirimere
1328 2553 1404 2630 illos,

147 2671 215 2730 tunc
229 2667 354 2730 caecutio
371 2686 379 2729 :
398 2667 445 2729 vel
461 2665 616 2729 occludere
632 2665 711 2729 iores
727 2666 826 2730 licebit
845 2663 896 2751 ξι).

201 2779 253 2844 30.
277 2778 447 2859 lliscipulus
468 2778 558 2861 licug
579 2784 630 2843 tou
652 2787 698 2843 tse
718 2780 760 2843 ait
778 2799 785 2843 ε
803 2781 925 2862 K‘oang
945 2779 1069 2862 tebaug,
1092 2780 1123 2844 in
1144 2787 1206 2845 toto
1227 2777 1293 2843 'l‘si
1315 2795 1409 2862 regno

147 2906 247 2956 omnes
261 2894 415 2973 appellant
430 2908 489 2957 non
505 2892 604 2970 pium;
626 2899 657 2956 et
672 2900 713 2969 tu,
740 2894 891 2976 magister,
917 2909 985 2957 cum
1000 2894 1052 2957 illo
1068 2893 1249 2969 deambulas,
1273 2900 1305 2956 ct
1319 2893 1408 2957 etiam

147 3004 269 3088 ulterius
283 3005 472 3070 observantia
487 3004 561 3069 colis
575 3005 660 3069 illum
678 3026 685 3069 :
705 3008 801 3070 ausim
815 3007 1002 3089 interrogare
1017 3022 1074 3086 qua
1090 3008 1126 3071 de
1141 3022 1241 3071 causa.
1265 3006 1409 3071 Mentsius

147 3120 295 3198 respondit
312 3138 320 3182 :
339 3121 431 3202 vulgo
451 3119 502 3198 qui
517 3118 655 3183 dicuntur
676 3119 809 3184 deiectus
824 3120 941 3200 pietatis
956 3127 1026 3182 sunt
1041 3122 1171 3201 quinque
1190 3140 1196 3183 :
1216 3120 1334 3202 pigritia
1349 3119 1407 3182 dis·

147 3232 258 3296 solvere
279 3247 335 3296 sna
357 3240 484 3312 quatuor
507 3232 648 3310 membra,
679 3249 733 3297 nec
755 3240 892 3316 satagere
918 3241 1075 3313 parentum
1100 3234 1267 3308 ministerii,
1296 3234 1408 3312 primus

146 3350 189 3408 est
204 3344 339 3410 deiectus
363 3346 481 3425 pietatis
498 3364 505 3408 :
525 3346 626 3410 ludere
647 3346 770 3411 calculis
789 3353 820 3411 et
834 3362 935 3411 amare
957 3345 1018 3410 vim
1040 3354 1152 3427 potum,
1180 3362 1235 3412 nec
1255 3346 1408 3410 attendere
1502 3392 1505 3399 ,

146 3464 299 3536 parentum
326 3459 502 3536 ministerio,
529 3460 677 3524 secundus
697 3467 742 3524 est
765 3460 883 3539 pietatis
905 3460 1038 3525 deiectus
1063 3458 1105 3545 (3)
1131 3480 1138 3523 :
1161 3475 1262 3525 amare
1282 3475 1354 3539 opes
1377 3463 1408 3522 et

145 3569 228 3636 unice
252 3572 374 3636 studere
400 3571 496 3649 uxori,
524 3571 661 3652 filiisque,
679 3589 735 3637 nec
753 3588 859 3637 curare
883 3579 1040 3653 parentum
1065 3573 1274 3651 ministerium,
1301 3572 1407 3637 tertius

145 3690 188 3747 est
203 3685 322 3764 pictatis
338 3687 469 3750 deiectus
487 3705 494 3748 :
512 3686 693 3768 indulgendo
709 3687 826 3749 aurium
841 3688 1055 3767 oculorumque
1070 3687 1234 3766 cupiditati,
1251 3687 1280 3751 id
1292 3686 1407 3751 efficere

145 3804 298 3876 parentum
313 3799 451 3876 dedecus,
478 3808 603 3879 quartus
617 3805 664 3864 est
678 3799 795 3879 pietatis
810 3799 958 3875 deiectum
980 3815 1081 3864 amare
1096 3800 1169 3877 vim,
1193 3800 1274 3863 rixas
1288 3806 1319 3864 et
1332 3799 1404 3878 iras,

181 4166 228 4246 (1)
247 4156 289 4241 ᾖ
305 4184 350 4236 est
364 4176 498 4247 offerrdix,
511 4194 573 4253 quse
586 4175 749 4236 submonte
762 4174 930 4248 addebatur,
944 4176 981 4235 cd
995 4174 1101 4254 pileum
1114 4176 1309 4253 retinendnm3
1325 4174 1406 4251 cujus

145 4287 261 4365 pensiles
275 4289 388 4349 flosculi
401 4289 569 4349 dicebantur
582 4260 642 4352 i}
665 4288 724 4347 Hic
737 4289 829 4349 active
842 4289 972 4361 sumitur,
995 4289 1146 4365 innuitque
1159 4289 1266 4368 pileum
1285 4306 1405 4367 praepro-

145 4416 207 4478 pete
220 4402 419 4481 superimponi,
434 4402 472 4461 ad
485 4386 609 4461 solutum
627 4399 760 4479 capillum
774 4401 969 4462 coercendum.

181 4505 229 4586 (2)
247 4515 295 4575 En
309 4514 478 4577 discriminis
491 4514 565 4574 ratio
579 4538 588 4576 z
601 4514 685 4594 primi
700 4514 758 4575 dno
771 4514 862 4575 officio
875 4515 1075 4593 iungebantur,
1094 4515 1218 4591 adeoque
1236 4511 1355 4593 populus
1368 4513 1406 4574 od

145 4645 191 4686 eos
203 4630 383 4706 pertinebitis
399 4625 462 4688 Yen
482 4628 546 4688 hosi
561 4627 640 4690 nulls
659 4628 801 4707 dignitate
823 4628 990 4707 potiebatur,
1004 4636 1033 4687 et
1046 4638 1176 4708 tempora
1188 4636 1270 4687 erent
1281 4628 1379 4688 noxio.

183 4731 229 4810 (d)
246 4720 287 4808 i*
305 4741 438 4817 telorum,
452 4721 493 4809 ἓ
509 4741 732 4804 latrunculorum
745 4740 847 4816 lusum,
861 4740 930 4802 ulibi
942 4742 1146 4823 desmipsimns.
