3572 5650
561 675 671 739 NOTA
696 677 729 738 1r
756 675 953 739 SYNOPSIS
981 674 1212 739 HISTORIOA

775 894 990 936 -wmeo-

232 1087 314 1158 Qui
330 1085 486 1147 annales
501 1085 629 1146 Sinerem
640 1086 872 1163 conscripsemnt,
886 1105 984 1147 omnes
997 1084 1055 1144 fere
1065 1104 1084 1143 a
1094 1082 1158 1145 Fou
1167 1084 1198 1145 hi
1209 1061 1251 1146 ἦ
1263 1058 1305 1146 ᾗ
1315 1061 1522 1148 exordiuntur.¹

187 1199 284 1260 Huic
310 1202 431 1261 draco
455 1220 474 1260 e
496 1200 580 1259 fluvio
599 1217 743 1276 emergens
762 1200 924 1278 apparuisse
944 1200 1056 1271 dicitur,
1076 1217 1209 1279 meppem
1226 1197 1365 1261 exhihcns
1377 1201 1447 1278 (Ηο
1460 1208 1511 1260 tou

192 1290 243 1375 Π
265 1294 320 1377 Π
339 1358 351 1389 ,
379 1322 423 1373 ut
446 1315 479 1373 in
498 1311 596 1373 tabule
608 1300 676 1389 5⁸);
696 1312 784 1389 juxte
796 1332 883 1390 quam
896 1321 961 1372 octo
974 1312 1096 1391 primum
1113 1310 1231 1372 lineolae
1246 1289 1288 1365 Ᾰ
1302 1291 1364 1389 ᾗ,
1384 1332 1512 1391 moxque

198 1430 247 1487 64
276 1429 412 1505 figuras
440 1400 487 1490 ᾗ
508 1424 556 1485 ille
576 1425 741 1507 composuit,
764 1426 866 1501 quihus
886 1425 957 1486 liber
976 1426 1171 1485 Mutationem
1188 1433 1308 1486 constat.
1337 1428 1415 1488 Hinc
1434 1426 1511 1486 litte-

203 1560 334 1614 rarum,
361 1559 498 1618 quarum
518 1538 579 1599 loco
597 1540 666 1600 nodi
686 1538 904 1616 usurpabantur,
924 1539 1111 1599 fundamenta
1126 1537 1205 1615 jecit,
1226 1548 1257 1600 et
1278 1559 1296 1597 e
1314 1538 1437 1601 dracone
1452 1540 1512 1600 suis

210 1654 376 1713 ministris
402 1673 515 1713 nomen
539 1653 648 1712 indidit.
680 1651 821 1713 succesit
842 1652 925 1714 Chen
944 1672 1025 1730 nong
1047 1628 1090 1713 ff
1111 1625 1168 1726 st,
1190 1671 1240 1713 seu
1260 1651 1326 1711 Yen
1346 1654 1371 1713 ti
1394 1625 1511 1732 Νι

217 1768 347 1826 invenit
364 1775 503 1826 aratrum
516 1775 546 1827 et
559 1766 655 1825 docuit
669 1785 753 1841 agros
769 1763 869 1839 colere,
887 1766 1027 1826 medicum
1040 1765 1100 1842 egit
1113 1774 1144 1825 et
1157 1763 1348 1826 herbariolum
1365 1764 1510 1827 conflavit.

224 1880 364 1940 Secutus
385 1886 434 1939 est
454 1879 566 1958 Hoaug
579 1880 603 1938 ti
619 1853 660 1942 Ῐ
674 1851 733 1952 ᾖ,
754 1878 808 1938 sub
828 1898 885 1955 quo
904 1879 1038 1957 majestas
1059 1877 1182 1938 invaluit
1201 1879 1312 1957 imperii
1329 1901 1338 1943 ι
1355 1878 1510 1940 debellarit

228 1992 377 2053 rebellem
400 1992 483 2052 Tche
496 2011 568 2070 yeou
584 1968 626 2053 ff
640 1968 699 2069 Ἐς
717 1992 864 2064 musicem,
886 2012 974 2066 arma,
995 2010 1092 2052 currus
1112 2000 1142 2051 et
1162 1992 1281 2071 navigia
1299 1992 1419 2066 invenit,
1440 1993 1511 2053 dum

234 2108 343 2183 regina
365 2105 424 2166 Lei
444 2114 509 2165 tsou
530 2080 574 2168 id
588 2083 632 2169 ᾗ
650 2105 771 2165 docebet
791 2105 944 2183 bombyces
963 2104 1038 2164 alere
1058 2112 1089 2164 et
1108 2106 1229 2165 sericum
1250 2114 1356 2166 texere
1378 2103 1512 2165 Phoenix

239 2228 272 2278 et
293 2219 442 2279 unicornis
466 2219 627 2296 apparuisse
649 2218 781 2278 dicuntur
807 2241 816 2280 ι
843 2218 954 2297 cyclum
979 2222 1198 2295 sexagenarium
1221 2216 1347 2298 perfecit,
1372 2219 1420 2297 qui
1443 2217 1512 2280 hino

239 2333 337 2409 coepit
351 2333 512 2410 supputari,
529 2332 571 2391 ita
584 2339 618 2391 ut
630 2332 737 2412 primus
750 2330 854 2409 cyclus,
863 2332 950 2409 juxte
957 2329 1087 2391 tabulam
1096 2330 1327 2410 chronologicam
1340 2332 1512 2410 imperatore

242 2444 324 2503 Kien
343 2444 417 2523 long
435 2446 580 2506 redactam
600 2433 691 2515 (K‘in
714 2447 779 2523 ting
799 2465 864 2504 wan
884 2445 953 2504 nien
972 2442 1044 2503 choo
1064 2422 1106 2502 st
1123 2420 1165 2506 ἵ
1180 2423 1221 2505 3
1240 2425 1279 2508 ΞΡ
1296 2420 1366 2520 ff),
1388 2444 1512 2522 quadra·

243 2559 356 2634 gesimo
377 2568 447 2619 ante
469 2558 543 2620 illius
562 2567 684 2618 mortem
706 2578 782 2619 anuo
803 2555 889 2629 (ante
910 2557 1056 2618 Christum
1078 2550 1179 2622 2637)
1199 2576 1282 2619 suum
1299 2558 1380 2618 ineat
1390 2577 1510 2618 cursim.

245 2670 321 2729 Tres
346 2672 397 2731 isti
423 2672 531 2732 sinicse
566 2672 660 2750 gentis
695 2672 853 2732 conditores
886 2672 1003 2731 nomine
1038 2671 1161 2730 audiunt
1197 2672 1280 2731 trium
1318 2671 1511 2749 Augustomm

243 2780 319 2851 (sari
332 2783 433 2863 hoang
447 2763 487 2842 Ξ
506 2760 575 2850 Ξ).
1369 2767 1370 2771 ¹

287 2897 432 2958 Successit
450 2897 522 2959 filius
544 2897 624 2958 Chao
644 2898 701 2958 hac
725 2874 767 2961 'Ji
787 2874 846 2972 ᾗ,
866 2898 917 2958 sub
937 2918 994 2976 quo
1015 2896 1141 2977 phoenix
1161 2898 1266 2958 iterum
1280 2899 1356 2957 visus
1369 2905 1412 2958 cst
1434 2914 1512 2977 :per

245 3011 328 3070 varia
352 3009 501 3071 volucrum
523 3032 629 3090 &nera
650 3013 784 3072 distinxit
807 3030 910 3073 novem
935 3010 1038 3091 gradus
1064 3011 1271 3088 praefectorum
1297 3009 1433 3085 civilium,
1459 3028 1512 3090 per

243 3122 407 3183 belluamm
421 3144 489 3184 vero
502 3124 640 3202 symbola,
659 3143 712 3185 sex
727 3126 839 3185 ordines
860 3124 1063 3203 praefectorum
1085 3123 1260 3183 militarium.
1283 3123 1351 3183 Post
1366 3127 1405 3184 84
1419 3143 1511 3184 annos

242 3245 386 3313 sequutus
399 3236 461 3314 ejus
474 3258 561 3315 nepos
576 3239 695 3298 Tchoan
709 3237 759 3298 hiu
774 3213 816 3298 ἧ
830 3214 890 3311 dd,
913 3239 973 3317 pius
993 3244 1022 3297 et
1042 3236 1197 3314 religiosus,
1220 3246 1318 3297 auctor
1335 3236 1511 3315 kalendarii3

242 3360 274 3409 ct
297 3350 385 3423 huuc,
405 3360 471 3427 post
492 3351 528 3412 78
548 3372 646 3425 annos,
667 3353 754 3429 ipsius
773 3369 860 3429 nepos
881 3351 919 3411 Ti
939 3342 1007 3410 k‘ou
1020 3324 1062 3411 ᾖ
1078 3324 1136 3424 5,
1159 3349 1230 3411 ahos
1252 3351 1318 3411 Kao
1333 3325 1434 3413 sini&
1451 3325 1510 3411 ᾧ.

243 3463 310 3535 Qni,
332 3472 457 3539 quatuor
475 3465 568 3525 ductis
588 3465 730 3537 uxoribus,
751 3464 852 3541 Kicng
867 3484 944 3542 yuen
958 3440 1001 3527 ξ
1013 3442 1075 3536 iffi,
1096 3463 1178 3541 King
1190 3471 1242 3523 tou
1255 3440 1297 3527 ᾖ
1314 3439 1374 3537 ἦ,
1396 3463 1474 3523 Kien
1486 3463 1512 3523 ti

244 3555 287 3640 ᾗ
305 3552 366 3649 st,
380 3584 412 3636 et
426 3566 582 3656 T‘chaugi
597 3550 639 3639 ’ὅ
652 3558 712 3652 ffi,
727 3585 861 3656 equarte
874 3579 995 3656 primum
1008 3577 1096 3637 filium
1108 3576 1342 3651 hebuit,nomine
1356 3574 1436 3636 Tche
1447 3554 1510 3636 ff.

240 3692 377 3749 Decursa
398 3698 505 3763 aetate,
527 3691 619 3769 prima
638 3692 737 3768 genuit
758 3691 799 3750 Ki
816 3669 859 3756 ᾗ
878 3710 926 3751 seu
950 3691 1035 3750 Hecu
1055 3690 1094 3749 tsi
1109 3662 1150 3750 ἧ
1167 3667 1224 3764 dd,
1245 3691 1388 3750 famosum
1407 3690 1511 3751 tertiae

237 3805 400 3881 dynastiae
420 3805 647 3882 progenitorem
668 3805 791 3865 secunde
811 3806 912 3882 genuit
932 3803 996 3863 Yao
1011 3777 1070 3877 ᾗ,
1092 3803 1180 3863 tertia
1192 3823 1258 3864 vero
1278 3803 1326 3864 sie
1340 3779 1401 3876 ff,
1423 3822 1511 3880 aquo

235 3918 367 3977 secunda
394 3916 533 3993 dynastia
558 3918 643 3978 duxit
669 3918 827 3978 exordium.
863 3919 929 3978 Pex
955 3918 1106 3994 diuturna3
1133 3915 1236 3977 frames
1261 3935 1414 3993 eorumque
1440 3914 1511 3975 filios

234 4033 351 4091 creavit
364 4031 516 4107 dynastes
539 4029 682 4109 Regnavit
696 4050 786 4091 annos
807 4031 855 4106 70,
877 4029 1032 4107 habuitque
1051 4048 1239 4090 successorem
1254 4028 1342 4089 filium
1356 4028 1436 4090 Tche
1448 4009 1511 4102 ss,

232 4146 296 4223 qui,
311 4153 381 4223 post
395 4163 501 4203 novem
516 4164 617 4217 annos,
636 4144 721 4205 exlex
742 4165 760 4204 a
781 4144 885 4222 regulis
906 4142 1049 4221 expulsus,
1068 4140 1161 4203 locum
1177 4144 1261 4202 cessit
1273 4141 1357 4201 fratri
1370 4141 1435 4202 Yao
1448 4115 1509 4217 ᾗ,

231 4258 309 4318 elias
336 4244 441 4335 T‘ang
465 4233 510 4320 Β
535 4264 566 4316 et
590 4244 662 4317 T‘eo
683 4233 739 4320 iffi.
771 4257 842 4318 'l'res
866 4257 914 4318 isti
937 4278 1001 4317 cum
1024 4257 1133 4317 duobus
1156 4255 1348 4333 sequentihus,
1372 4264 1512 4316 vocantur

226 4374 364 4450 quinque
381 4371 594 4431 Dominatores
607 4366 663 4440 (οιι
676 4371 702 4430 ti
717 4346 759 4428 ᾗ
773 4344 844 4436 ἦ).

269 4487 350 4559 Υιιο,
368 4484 540 4548 Sinensium
554 4483 756 4562 imperatorum
770 4485 896 4546 maxime
909 4483 1024 4547 celebris
1039 4504 1098 4545 una
1110 4493 1140 4545 et
1152 4481 1307 4563 legislator,
1319 4481 1511 4562 gubcmecula

219 4602 357 4680 suscepit
368 4619 453 4660 auno
462 4607 536 4657 ente
549 4594 691 4657 Christum
706 4600 792 4674 2357,
809 4608 839 4659 et
848 4618 898 4678 per
908 4618 998 4661 annos
1010 4602 1067 4658 100
1076 4597 1194 4659 feliciter
1203 4597 1298 4667 tenuit
1308 4596 1385 4657 solus
1398 4595 1511 4673 quidem

219 4718 310 4778 annis
336 4717 389 4789 72,
413 4732 484 4773 cum
507 4709 612 4771 Choen
627 4682 668 4771 ᾖ
681 4708 790 4790 collega
810 4713 892 4774 mnis
914 4714 961 4774 28.
984 4712 1111 4772 Tantam
1131 4707 1244 4774 virtutis
1264 4708 1372 4771 famam
1390 4707 1509 4785 reliquit,
