3524 5652
506 459 602 505 saror
620 459 894 523 currerunt-rans
913 458 1076 503 rosrsnron
1366 440 1426 503 sat

157 572 263 650 serint,
281 573 515 658 intelligentiam
530 574 631 637 indere
650 573 838 652 postmodum
857 572 1094 655 intelligentibus
1111 592 1118 635 :
1136 574 1194 656 ego
1209 588 1246 637 ex
1261 573 1328 637 coeli
1345 587 1425 637 crea·

158 687 230 750 turis
245 687 332 766 prius
346 687 583 771 intelligentibus
598 702 676 763 snm,
694 701 751 768 ego
766 702 835 752 mox
850 702 923 749 usus
937 686 994 749 lrac
1007 686 1141 750 doctrina
1156 701 1278 750 sensum
1293 684 1426 765 aperiam

156 801 223 865 truie
237 802 362 882 populo.
386 800 542 882 cogitabat
555 800 586 864 in
601 798 718 878 imperii
733 800 842 879 populo
865 797 889 862 si
905 799 1038 878 privatus
1058 799 1104 863 vir
1123 798 1297 879 privataque
1319 799 1427 863 mulier

156 919 243 988 asset,
260 914 313 994 qni
331 931 390 979 non
407 914 554 993 particeps
569 912 733 993 perciperet
752 912 817 977 Yao
831 921 862 977 et
876 911 977 977 dboen
991 912 1145 989 beneficia,
1169 912 1291 992 perinde
1310 926 1427 977 esseae

156 1026 257 1106 siipse
278 1027 463 1108 impellendo
487 1026 660 1090 immisisset
685 1026 769 1089 illum
786 1024 815 1088 in
832 1026 929 1091 iossae
954 1025 1084 1089 medium
1102 1047 1110 1090 :
1129 1026 1178 1090 ille
1193 1025 1224 1090 in
1239 1041 1327 1089 sunm
1350 1040 1427 1090 onus

154 1148 311 1220 acceperat
331 1141 448 1222 imperii
470 1141 594 1220 pondm.
612 1174 657 1186 -
672 1139 764 1204 Liaou
778 1139 828 1203 bia
843 1138 911 1205 boei
928 1136 970 1224 (l)
987 1154 1047 1204 non
1061 1138 1256 1204 erubescebat
1274 1138 1426 1217 impurum

155 1253 331 1334 principem,
358 1269 418 1320 non
440 1253 597 1318 recusabat
618 1253 760 1336 exiguum
783 1252 993 1336 magistratum
1019 1273 1026 1315 :
1051 1258 1206 1331 promotus
1221 1267 1280 1315 non
1295 1253 1424 1317 occulta·

154 1366 202 1429 bat
217 1381 307 1431 suam
324 1366 511 1447 sapientiam,
535 1372 677 1447 perpetuo
699 1381 828 1446 sequens
843 1381 927 1430 suam
944 1365 1040 1443 viam3
1059 1366 1214 1449 neglectus
1235 1365 1426 1430 delitescebat

154 1480 224 1559 puin
240 1489 445 1557 succenseret,
462 1481 499 1543 ad
514 1480 620 1544 incias
640 1481 779 1544 redactus
793 1496 849 1545 nec
863 1478 1038 1543 tristabatur
1056 1500 1063 1542 :
1082 1494 1151 1543 cum
1170 1478 1283 1560 agresti
1305 1478 1427 1543 homine

155 1600 304 1671 versatus,
331 1596 409 1659 laeta
431 1593 540 1670 fronte,
562 1608 622 1657 non
641 1593 808 1674 patiebatur
830 1592 928 1669 abire,
946 1599 978 1656 tu
993 1609 1026 1657 es
1041 1600 1086 1670 tn,
1103 1608 1161 1675 ego
1175 1609 1242 1655 sum
1264 1608 1339 1675 ego;
1357 1592 1427 1657 lieet
1539 1673 1550 1691 .

154 1706 278 1771 detectis
293 1707 426 1773 brachiis
440 1714 471 1771 et
486 1707 565 1772 nudo
580 1706 623 1769 sis
637 1721 762 1787 corpore
776 1706 814 1770 ad
828 1722 929 1770 meum
951 1707 1041 1783 latus,
1060 1714 1092 1769 tu
1107 1706 1157 1786 qul
1174 1704 1284 1786 poteris
1303 1705 1426 1770 iniicere

154 1825 220 1884 mel
246 1819 319 1885 ldeo
339 1821 494 1885 audientes
515 1820 606 1885 Lieon
621 1820 671 1883 bia
686 1820 753 1884 boel
768 1835 879 1896 mores,
903 1817 1024 1901 angusti
1045 1819 1138 1883 animi
1160 1819 1273 1884 dilatati
1295 1825 1377 1896 sunt,
1394 1827 1425 1884 et

155 1940 259 1997 unnes
275 1941 393 1999 mentes
408 1932 850 2016 &audierunt-Goniucius
865 1932 1036 2013 relinquens
1051 1933 1128 2011 T‘si,
1146 1932 1314 2011 corripuite
1328 1933 1425 1997 lotura

154 2060 273 2129 mnam
291 2045 349 2132 (2),
366 2053 397 2111 et
411 2046 562 2127 proiectus
575 2053 622 2110 est
639 2067 646 2109 :
666 2046 926 2126 relinqueretur,
943 2046 1009 2111 ait:
1031 2048 1130 2112 «lente
1145 2049 1225 2112 lente
1239 2062 1297 2129 ego
1311 2045 1421 2110 abibo»

154 2160 343 2240 relinquendi
365 2169 522 2240 paternum
538 2175 666 2243 regnum
681 2175 787 2225 norma
801 2166 857 2224 est.
882 2159 913 2224 Si
928 2159 1127 2225 festinandum
1143 2168 1215 2225 tunc
1230 2161 1381 2237 festinare,
1398 2160 1425 2223 si

154 2272 356 2339 diurnandum
372 2281 444 2338 tunc
458 2273 609 2350 diurnare,
626 2274 652 2337 si
667 2273 782 2354 private
796 2273 956 2338 vivendum
971 2278 1043 2337 tunc
1057 2274 1172 2354 private
1190 2273 1304 2351 vivere,
1320 2272 1346 2336 si
1361 2288 1424 2337 ma·

155 2384 301 2468 gistratus
316 2387 479 2471 gerendus,
491 2394 563 2452 tunc
572 2387 783 2470 magistratum
798 2403 916 2469 gerere,
928 2404 965 2452 en
975 2386 1144 2452 Goniudus.
1154 2387 1352 2452 —llentsius
1362 2388 1422 2451 ait:

154 2497 193 2562 Pe
212 2499 223 2564 i
243 2508 419 2569 sanctorum
442 2500 631 2581 purissimus,
647 2499 662 2564 l
676 2518 716 2584 yn
731 2517 748 2565 e
763 2500 875 2564 sanctis
897 2501 997 2566 oneris
1015 2500 1251 2580 potentissimus,
1269 2499 1359 2565 ileon
1374 2500 1425 2564 bia

155 2613 221 2677 lroei
236 2620 413 2679 sanctorum
433 2613 603 2690 facillimus,
620 2614 779 2679 Contucins
794 2613 873 2678 inter
887 2625 1006 2679 sanctos
1022 2613 1204 2694 temporibus
1221 2612 1424 2693 obsequentis·

155 2726 258 2791 simus.
277 2727 440 2793 mintucius
453 2725 567 2791 dicetur
582 2727 717 2792 collectio
727 2729 764 2790 ad
774 2728 893 2806 plenam
909 2727 1115 2811 symphoniam
1128 2724 1183 2812 (3).
1196 2728 1257 2791 Ista
1268 2727 1424 2793 concursio

155 2839 244 2904 totius
259 2843 392 2906 musices
406 2848 452 2906 est
466 2856 535 2905 cum
550 2855 608 2904 aera
625 2842 811 2921 proclamant
822 2846 852 2903 et
865 2841 1012 2924 onychina
1027 2840 1174 2923 colligunt
1189 2841 1271 2905 illam
1284 2860 1292 2903 :
1305 2854 1422 2921 campa·

155 2970 199 3017 nae
212 2955 331 3020 scilicet
352 2955 571 3034 proclamantes
592 2954 733 3019 inchoant
755 2955 906 3019 rariorum
928 2954 1164 3030 consonantiam,
1182 2960 1213 3018 et
1227 2952 1424 3032 chalcophoni

155 3067 333 3151 colligentes
348 3068 430 3133 illam
446 3066 628 3132 concludunt
642 3074 840 3132 concentum:
856 3066 930 3132 illud
943 3066 1086 3132 inchoare
1100 3066 1336 3141 consonantiam,
1353 3082 1422 3146 pru·

153 3179 247 3244 dentis
262 3187 311 3246 est
320 3198 380 3258 res;
397 3180 476 3245 istud
486 3181 662 3245 concludere
677 3187 866 3258 concentum,
883 3181 978 3245 sancti
988 3188 1034 3245 est
1043 3196 1103 3245 res.
1122 3178 1292 3257 Prudentia,
1304 3180 1330 3243 si
1342 3195 1421 3245 com·

151 3303 291 3372 paretur,
308 3296 365 3360 erit
378 3295 555 3372 dexteritas3
574 3294 717 3358 sanctitas
738 3294 946 3373 comparabilis
968 3310 1038 3358 vero
1054 3293 1163 3358 robori.
1187 3293 1269 3358 Sicut
1285 3292 1423 3375 jaculans

151 3407 186 3470 ad
200 3416 330 3473 centum
351 3411 431 3472 ultra
453 3424 575 3487 passum
597 3415 631 3470 nt
646 3407 813 3486 pervenias,
831 3408 874 3471 tui
890 3407 1004 3473 roboris
1019 3412 1076 3485 est,
1098 3407 1172 3471 illud
1192 3406 1340 3489 attingere
1361 3420 1422 3470 nou

151 3528 195 3584 est
209 3522 262 3586 tui
278 3522 394 3588 roboris
410 3518 465 3605 (i).

148 3694 151 3699 ⁴
206 3636 237 3700 t.
269 3636 338 3701 Wei
353 3635 426 3700 civis
441 3633 481 3699 Pe
496 3635 578 3718 long
590 3635 601 3698 i
614 3635 805 3717 interrogans
819 3635 861 3699 ait
873 3655 880 3698 :
893 3636 1014 3700 Tcheon
1029 3635 1140 3701 tamilla
1156 3633 1311 3700 ordinabat
1324 3634 1420 3718 digni·

152 3754 225 3814 tates
249 3755 280 3813 ct
294 3749 439 3829 stipendia
453 3764 513 3829 quo
527 3749 646 3829 quidem
663 3754 768 3827 pactot
783 3749 928 3815 lientsius
937 3749 979 3813 ait
991 3770 998 3813 :
1011 3765 1046 3814 ea
1059 3748 1259 3830 particulatim
1274 3749 1420 3830 descripta

188 3999 241 4071 (1)
261 4005 397 4068 condeio
411 4024 530 4079 coaeum,
544 4006 645 4066 famosi
658 4006 777 4067 lamonia
791 4005 871 4068 Tcha
883 4006 971 4068 frater
984 4007 1082 4086 major.

187 4111 242 4192 (2)
260 4118 337 4180 Tam
349 4119 495 4191 festinato,
509 4128 542 4178 ut
554 4138 670 4197 oryzam
684 4120 733 4179 rix
746 4119 871 4181 ablutam
885 4121 1007 4180 neudum
1019 4130 1129 4182 coctam
1144 4123 1301 4201 arripuerit

149 4264 155 4269 ·
188 4225 243 4306 (8)
262 4234 401 4296 Omnium
420 4233 674 4294 instrumentorum
695 4232 868 4312 symphonia
889 4233 993 4293 dieitur
1009 4213 1051 4300 J<
1067 4211 1125 4313 ἃς
1143 4236 1227 4296 unius
1247 4253 1312 4296 raro
1324 4234 1419 4295 modo·

152 4345 224 4409 letio
240 4354 358 4409 vocatur
372 4320 414 4429 'l’
432 4319 489 4407 a.
502 4344 686 4425 symphonia
698 4346 872 4406 exordientis
885 4347 999 4425 εἰςοιιω
1013 4348 1155 4410 canebant
1167 4367 1322 4428 campanae,
1335 4347 1418 4408 mem

153 4461 351 4543 chalcophoni.
962 4452 966 4477 '

192 4568 237 4640 lt)
257 4576 331 4637 Trea
355 4572 462 4655 priores
481 4574 643 4647 sanctitate,
668 4570 819 4635 Corniuciua
840 4572 928 4634 etiam
948 4576 1102 4654 prudentia
1121 4574 1256 4656 pollebat,
1275 4575 1367 4636 aciens
1387 4593 1417 4634 se

156 4691 273 4772 tempori
286 4687 481 4751 accomodare.
