3672 5690
729 512 817 557 nunu
842 513 1048 566 monuments
1464 498 1524 562 207

252 626 337 692 valde
357 628 495 709 amptum
515 626 580 707 ejus
600 630 711 694 ooetum
727 624 769 712 (1)
787 646 795 691 :
818 628 843 692 si
857 628 924 710 quis
944 644 1004 693 nou
1025 643 1128 693 revera
1150 628 1317 713 perspicax,
1336 626 1521 715 iutelligeus‚

252 740 381 821 sapiens,
398 743 542 822 prudeus,
557 749 776 824 ponemusque
790 744 858 808 ooeli
872 744 1026 819 virtutem,
1049 743 1077 807 is
1095 742 1243 825 quomodo
1264 744 1375 823 peterit
1395 760 1524 829 coguos-

253 870 320 921 cere
334 854 449 920 illumi

294 1265 348 1331 33.
372 1266 500 1332 carmen
516 1263 558 1351 (I.
580 1263 655 1351 57.)
670 1266 735 1333 ait:
757 1268 886 1332 «induto
900 1267 1065 1353 variegati,
1082 1269 1311 1349 superinduehat
1327 1270 1437 1349 peilam
1451 1269 1523 1332 sim·

253 1380 393 1461 plieemn
416 1395 507 1445 exosa
530 1380 677 1461 ejusmodi
698 1389 822 1445 oruatus
845 1383 1074 1447 ostentationem
1096 1383 1209 1448 scilieet
1225 1380 1294 1467 (iit
1315 1384 1357 1448 ita
1381 1382 1525 1462 sapientis

252 1492 310 1558 riri
323 1492 420 1558 umus
434 1494 541 1559 umbra
554 1494 679 1575 tegitur,
695 1501 726 1560 et
737 1501 836 1561 tamen
851 1495 882 1558 iu
893 1495 971 1560 diem
985 1497 1094 1561 emieat
1108 1514 1117 1574 ;
1133 1497 1269 1580 vulgaris
1282 1496 1413 1562 hominis
1426 1496 1525 1560 virtus

253 1605 387 1687 speciose
408 1607 518 1686 prodit,
544 1614 577 1671 at
592 1607 624 1671 in
644 1607 723 1672 diem
745 1610 896 1673 evauesoit
914 1609 1082 1689 :sapientis
1102 1610 1198 1674 virtus
1212 1610 1351 1690 insipida,
1376 1615 1524 1674 ettamen

253 1736 314 1785 nou
336 1726 461 1785 nauseat
485 1736 493 1798 ;
515 1721 654 1801 simplex,
677 1727 724 1785 ost
746 1727 846 1786 umen
867 1729 1018 1800 venusta3
1045 1723 1152 1801 tacitis,
1184 1728 1352 1789 esttamen
1377 1722 1523 1802 composi·

254 1840 284 1897 ta
310 1851 318 1896 ι
342 1833 448 1897 seienti
470 1842 655 1899 remotorum
677 1834 867 1914 principium,
893 1835 998 1900 scienti
1022 1837 1203 1901 exteriorum
1226 1837 1386 1919 originem,
1419 1836 1525 1900 soienti

253 1948 440 2012 oeeuitorum
454 1947 736 2025 manifestationem,
756 1954 854 2027 potest
867 1949 931 2013 dari
944 1949 1062 2031 ingredi
1076 1950 1217 2015 urentem
1233 1947 1290 2035 (3).
1317 1950 1442 2013 carmen
1460 1945 1521 2033 (ΙΙ.

254 2057 329 2144 38.)
345 2060 388 2124 ait
403 2079 413 2123 ε
431 2084 446 2117 e
464 2061 644 2126 submersus
665 2062 735 2126 lieet
756 2062 921 2140 deliteseat,
948 2062 1046 2126 adhue
1067 2079 1256 2143 summopere
1277 2062 1485 2126 transiuoebit.
1505 2086 1521 2119 a

252 2173 323 2239 Ideo
337 2172 456 2255 sapiens
469 2175 495 2239 si
506 2175 611 2239 intima
625 2164 901 2240 disentieus'oareat
915 2190 1021 2254 naevo,
1038 2182 1110 2240 tuno
1123 2191 1182 2241 uon
1196 2175 1401 2259 indignabitur
1414 2175 1445 2239 in
1460 2175 1523 2239 ani·

253 2302 321 2364 m03
349 2287 467 2368 sapiens
480 2303 553 2353 sane
566 2304 626 2369 quo
639 2303 699 2353 uou
713 2289 793 2352 vaiet
816 2288 935 2370 attingi,
962 2304 1061 2354 noune
1083 2289 1146 2353 illio
1168 2290 1290 2366 soiiieet,
1321 2290 1458 2354 homines
1472 2288 1525 2352 ubi

254 2401 328 2465 uuiti
343 2400 445 2465 rident
457 2402 526 2482 (or
542 2401 668 2466 (tarmen
682 2400 755 2479 (III.
774 2401 852 2479 22.)
864 2403 916 2466 ait.
937 2403 1039 2466 «visus
1048 2402 1078 2465 in
1090 2409 1141 2466 tua
1150 2403 1251 2480 domo,
1268 2409 1399 2483 praestat
1409 2419 1446 2467 ne
1456 2418 1524 2467 ern·

253 2512 357 2578 besem
370 2515 408 2578 ad
421 2514 492 2580 teeti
506 2514 718 2594 spiramenta»
742 2513 808 2579 ideo
822 2515 940 2594 sapiens
960 2531 1029 2580 ourn
1043 2531 1103 2581 uon
1121 2523 1270 2593 moretur,
1294 2516 1392 2580 adhue
1405 2522 1452 2581 est
1465 2515 1524 2581 eir·

254 2634 442 2708 cumspeotus
459 2645 468 2705 ;
485 2644 554 2692 oum
568 2643 628 2693 uon
642 2626 785 2707 loquitur,
804 2629 902 2693 adhue
916 2634 963 2694 est
976 2629 1110 2693 sincerus
1124 2631 1182 2710 (5).
1206 2630 1331 2695 carmen
1347 2632 1360 2707 (
1374 2630 1426 2694 IV.
1441 2631 1495 2692 37.
1512 2629 1525 2703 )

254 2741 318 2805 ait:
337 2765 351 2797 α
369 2740 520 2806 oblatione
543 2743 646 2806 Manes
663 2746 852 2819 evocaturos,
876 2757 936 2806 nou
958 2743 1101 2821 requitur,
1118 2748 1148 2808 et
1163 2742 1283 2808 iuterim
1296 2742 1379 2806 uuita
1393 2740 1524 2806 habetur

255 2854 401 2920 eontentio
415 2878 429 2911 n
447 2854 506 2920 trae
518 2855 555 2920 de
569 2869 670 2932 musa,
685 2853 803 2934 sapiens
817 2871 877 2921 uon
892 2862 1075 2933 remunerat,
1091 2863 1122 2922 et
1135 2856 1263 2937 populus
1276 2856 1445 2933 excitatum
1461 2871 1524 2920 uou

294 3489 337 3569 (l)
357 3496 488 3577 Abyssus
501 3506 531 3560 et
542 3499 643 3560 ooeium
656 3497 703 3558 hio
723 3498 863 3561 denotent
884 3499 977 3559 sancti
988 3518 1045 3572 eor,
1065 3498 1145 3578 eujus
1162 3496 1287 3559 eherites
1299 3497 1432 3559 socialem
1447 3499 1523 3559 ordi-

255 3630 328 3686 nem,
341 3611 521 3691 profunditas
534 3613 677 3674 societatis
689 3610 916 3687 fundumentum,
936 3611 1093 3691 amplitudo
1107 3620 1218 3673 ueturae
1232 3612 1368 3671 virtutem
1380 3611 1522 3693 oompleo-

257 3723 333 3786 titur.

295 3826 339 3906 (2)
359 3839 439 3899 Note
459 3836 527 3900 illud
550 3816 591 3900 ida
614 3838 760 3899 affirmans
781 3847 867 3916 etque
886 3836 1032 3901 deolereus
1044 3862 1052 3899 t
1066 3858 1119 3899 neo
1131 3838 1208 3898 enirn
1228 3857 1338 3917 semper
1358 3837 1520 3916 hujusmodi

256 3951 399 4033 particulae
413 3971 498 4012 mere
512 3952 590 4013 reiut
603 3952 751 4031 euphoniae
764 3953 920 4014 subservire
933 3951 1069 4032 putaudae
1082 3960 1157 4013 snut

292 4053 340 4132 (3)
360 4042 417 4140 fi,
430 4064 598 4145 perficiendo
609 4064 680 4126 ulios
693 4065 845 4126 reformare
866 4065 1025 4144 imperium,
1047 4064 1184 4125 fundetur
1195 4064 1227 4124 iu
1244 4065 1374 4143 suiipsius
1387 4063 1522 4143 perfeeti-

255 4195 326 4256 one;
341 4154 399 4246 Ι,
421 4180 546 4240 exterior
565 4179 681 4240 habitus
700 4198 882 4240 eommoreus
901 4177 981 4252 alios,
999 4179 1126 4257 presedit
1140 4178 1176 4238 eb
1188 4178 1303 4238 interno
1315 4178 1420 4238 virtute
1432 4198 1441 4253 ς
1455 4149 1522 4252 ᾗ,

254 4287 366 4351 interne
378 4292 467 4354 virtus
478 4300 557 4354 nerto
569 4292 673 4372 prodit.
689 4269 867 4359 Quomodo
880 4301 958 4367 tono,
971 4292 1141 4371 permittere.

292 4393 337 4477 (4)
356 4405 475 4486 Sapiens
488 4406 520 4466 iu
533 4426 568 4467 eo
580 4404 652 4467 alios
671 4403 758 4485 louge
775 4413 899 4486 superat,
920 4406 997 4485 quod
1017 4402 1093 4466 solus
1105 4415 1135 4465 et
1147 4413 1265 4478 secreto,
1285 4423 1363 4483 aeque
1376 4403 1431 4465 sibi
1444 4402 1520 4483 vigi·

255 4513 425 4581 landuinus
439 4528 492 4583 est.
876 4502 878 4509 ¹

294 4621 336 4700 (5)
356 4632 497 4698 secretior
509 4634 611 4695 domus
624 4631 747 4712 angulus
759 4632 833 4693 iuter
846 4633 1067 4713 septentrionem
1077 4639 1107 4691 et
1117 4631 1291 4693 decidentem
1305 4632 1385 4704 situs,
1399 4630 1519 4693 nouuiei

257 4748 350 4807 eteeti
361 4748 541 4831 spiramentis
554 4747 655 4828 resipit
666 4745 775 4825 iuoem3
789 4765 882 4825 neque
894 4745 953 4808 illie
965 4746 1130 4826 pudendum
1143 4745 1209 4825 quid
1222 4743 1324 4805 sedere
1338 4743 1413 4805 lieet

1400 4856 1437 4914 27
