3672 5690
588 495 684 539 carm
705 495 822 537 eumuna
834 510 874 523 -
887 496 962 538 raas
981 496 1070 539 reson
1407 486 1470 546 213

247 609 279 672 5.
302 607 466 673 Goniueius
480 609 522 672 ait
538 626 546 670 z
564 607 697 690 dirigens
711 607 794 670 mille
808 606 1023 689 quadrigarum
1044 624 1183 692 regnum,
1206 617 1329 675 accurat
1344 613 1465 696 negotia

189 729 220 788 et
232 728 279 786 est
293 721 444 799 sincerus,
461 722 632 786 moderatur
647 735 793 801 expensas
807 726 837 786 et
850 727 933 784 amat
947 722 1034 797 alios,
1051 723 1146 786 utitur
1161 725 1270 804 pupulo
1284 725 1315 789 in
1330 731 1465 807 tempore

191 834 247 920 (l).

248 950 278 1014 6.
302 949 505 1028 Philosophus
519 948 559 1012 ait
577 967 584 1012 :
604 948 703 1012 minor
717 953 802 1024 natu,
819 947 900 1011 domi
914 947 1033 1028 quidem
1049 950 1129 1014 eolat
1143 957 1294 1029 parentes,
1311 957 1396 1015 extra
1411 967 1463 1016 au·

190 1070 250 1129 tem
265 1063 347 1127 colat
361 1061 504 1141 majores,
521 1062 560 1125 sit
575 1062 697 1126 sedulus
711 1067 742 1126 et
755 1076 859 1139 verax,
876 1061 1038 1125 universali
1060 1078 1162 1128 amore
1187 1072 1386 1144 prosequatur
1400 1080 1464 1130 onr-

190 1193 255 1254 ncs,
267 1182 300 1239 at
309 1174 423 1240 arctius
436 1175 581 1257 iungatur
597 1174 708 1255 probis,
720 1174 786 1239 etsi
796 1175 912 1241 actione
922 1174 1042 1240 iunctm
1057 1176 1166 1241 habeat
1185 1177 1361 1257 superstites
1370 1178 1462 1259 vires,

191 1297 263 1355 tunc
277 1297 380 1355 utetur
394 1290 432 1352 ad
447 1288 546 1353 studia
561 1286 696 1354 liberalia
715 1286 770 1373 (2).

247 1405 280 1466 7.
309 1404 370 1467 Tse
390 1402 441 1465 bia
462 1402 506 1466 ait
530 1421 538 1464 :
562 1403 769 1482 prosequendo
794 1402 943 1483 sapientes
964 1409 1085 1467 mutans
1106 1405 1293 1483 voluptatum
1315 1419 1462 1481 amorem,

191 1516 347 1583 serviendo
369 1515 543 1596 parentibus
557 1516 655 1580 sciens
670 1516 829 1579 exhaurire
843 1531 914 1579 suas
933 1516 1024 1593 vires,
1049 1517 1205 1582 serviendo
1220 1517 1346 1597 principi
1360 1519 1466 1582 valens

191 1632 338 1696 devovere
352 1644 438 1694 suana
454 1644 626 1710 personam,
650 1642 718 1692 cnm
734 1628 838 1694 amieis
853 1637 990 1693 uersatus
1005 1630 1131 1709 loquens
1146 1647 1215 1697 curn
1229 1631 1412 1707 sinceritate,
1429 1632 1465 1696 li·

192 1749 239 1809 cet
252 1744 369 1808 dicatur
384 1744 516 1807 nondum
526 1742 675 1806 studuisse
686 1742 848 1823 sapientie,
866 1757 923 1824 ego
936 1750 1017 1808 certe
1031 1743 1128 1807 dicam
1143 1743 1229 1807 illum
1243 1744 1393 1809 studuisse
1405 1741 1462 1831 (3).

250 1858 281 1923 8.
303 1857 503 1936 Philosophus
518 1856 561 1919 ait
578 1875 585 1919 ε
603 1855 718 1919 Probus
733 1856 791 1932 vir,
814 1872 873 1921 non
889 1856 1003 1938 gravis,
1018 1857 1080 1936 jam
1097 1856 1209 1921 carebit
1224 1857 1413 1934 auctoritate,
1434 1864 1465 1921 et

193 1972 289 2035 studia
304 1970 374 2050 jam
399 1976 486 2035 erunt
511 1969 575 2034 sine
600 1968 748 2034 soliditate
766 1990 773 2031 :
791 1974 881 2049 eaput
902 1969 941 2032 sit
963 1970 1088 2033 lidelitas
1103 1976 1133 2035 et
1148 1970 1306 2046 veracitas,
1333 1971 1464 2034 nullum·

193 2102 249 2166 qne
271 2084 384 2148 habeas
407 2083 537 2148 amicum
559 2083 640 2147 haud
661 2082 790 2147 similem
813 2082 865 2146 tibi
886 2083 955 2162 ipsi,
972 2089 1003 2146 et
1018 2083 1044 2146 si
1059 2099 1154 2160 erras,
1179 2091 1251 2148 tunc
1270 2099 1308 2147 ne
1324 2082 1465 2150 formides

194 2197 345 2264 emendari
362 2194 419 2281 (l).

249 2313 281 2377 9.
304 2312 408 2393 Tseng
422 2316 467 2375 tse
481 2311 543 2374 ait:
557 2311 582 2374 si
597 2310 738 2376 observes
752 2309 846 2375 officia
861 2315 995 2377 extrema
1008 2316 1040 2375 et
1052 2325 1269 2377 commemores
1285 2317 1400 2377 remote
1414 2310 1465 2376 de·

193 2425 322 2501 iunctm,
340 2424 442 2507 populi
457 2425 552 2505 pietas
567 2424 675 2488 redibit
689 2423 726 2486 ad
742 2423 963 2488 liberalitatem.

250 2540 304 2604 lo.
327 2539 387 2603 Tse
405 2538 472 2601 kin
493 2538 576 2618 petiit
591 2552 609 2600 a
624 2538 683 2601 Tse
700 2537 780 2619 long
794 2537 896 2601 dicens
913 2556 920 2599 :
939 2536 1082 2619 Magister
1101 2536 1279 2617 perveniens
1298 2538 1328 2605 in
1344 2537 1465 2618 aliquod

193 2669 333 2736 regnum,
357 2651 490 2732 prolecto
512 2651 714 2734 cognitionem
735 2650 814 2730 capit
836 2650 902 2729 ejns
923 2650 1082 2732 guberuii;
1105 2651 1218 2729 petitne
1240 2651 1324 2714 illam
1338 2666 1377 2713 an
1393 2666 1465 2716 vero

193 2766 279 2830 datur
294 2765 353 2845 ipsi
369 2762 434 2850 (5)(
453 2765 512 2829 Tse
527 2763 610 2847 long
623 2764 666 2828 ait
678 2783 685 2827 ε
699 2763 843 2846 Magister
857 2764 1008 2841 comitate,
1028 2763 1185 2844 probitate,
1203 2764 1380 2839 reverentia,
1400 2780 1464 2830 mo·

193 2880 357 2955 deratione,
385 2877 576 2958 obsequentia
592 2877 686 2940 utitur
700 2878 738 2943 ad
753 2877 944 2942 obtinendam
967 2878 1072 2954 illam;
1090 2876 1227 2959 magistri
1242 2878 1279 2942 de
1294 2877 1331 2940 iis
1346 2877 1459 2958 petitio,

193 3009 231 3056 an
246 3009 306 3058 non
320 2993 373 3057 illa
388 3006 460 3057 vero
475 2990 573 3055 differt
586 2991 624 3054 ab
638 2990 766 3054 aliorum
781 2990 818 3055 de
831 2991 869 3054 iis
883 2991 1024 3069 petitione
1041 2988 1107 3076 (6)(

251 3108 303 3170 ll.
328 3105 527 3184 Philosophus
541 3104 583 3167 ait
600 3123 608 3167 a
627 3109 710 3183 patre
725 3104 896 3183 superstite,
920 3104 1033 3183 inspice
1048 3104 1129 3167 illius
1144 3102 1278 3166 animum
1296 3100 1362 3186 (7);
1379 3109 1464 3185 patre

194 3219 345 3296 defuneto,
368 3218 481 3299 inspice
501 3216 567 3296 eius
587 3217 740 3293 actiones;
757 3217 783 3285 si
798 3217 894 3281 tribus
915 3217 1003 3281 annis
1023 3218 1098 3281 nibil
1120 3216 1355 3281 immutaverita
1371 3216 1465 3296 patris

194 3333 391 3409 documentis,
410 3332 519 3412 poterit
536 3330 638 3396 vocari
653 3330 732 3394 lilius
746 3330 824 3411 pins.

1389 3540 1454 3553 ¹·-

233 3695 278 3766 (Pi
298 3673 342 3753 Ᾱ
355 3704 386 3755 et
405 3672 458 3769 (Β,
473 3694 594 3754 intueat
606 3694 681 3756 foris.
706 3667 746 3756 ἶ
762 3693 891 3771 ingenuae
903 3691 1008 3753 litterae
1021 3701 1050 3753 el
1063 3691 1193 3753 liberales
1207 3699 1291 3752 ortae

233 3801 279 3879 (3)
304 3786 342 3872 R
355 3809 439 3868 initio
452 3808 576 3886 positum
587 3815 631 3866 est
645 3805 767 3879 verbum,
782 3806 913 3885 prosequi
926 3813 1065 3883 tanquam
1078 3806 1229 3885 sapientes.
1245 3783 1285 3868 fi
1297 3805 1463 3885 sapientum

193 3906 318 3982 amorem
333 3922 504 3982 substituere
518 3918 695 3999 voluptatum
710 3919 808 3977 amori.

233 4027 278 4108 (4)
299 4013 342 4099 ³
356 4054 421 4112 quae
444 4033 574 4094 didicerit
593 4032 639 4093 vel
660 4031 794 4093 addiscat.
838 4008 878 4096 ἵ
906 4030 983 4110 quod
1005 4040 1092 4110 eaput
1113 4039 1142 4092 et
1166 4033 1253 4092 cardo
1275 4040 1318 4094 est
1339 4033 1390 4107 rei,
1413 4030 1462 4095 cul

194 4157 343 4228 propterea
357 4147 536 4227 potissimum
549 4155 593 4207 est
605 4145 796 4206 innitendum.

232 4251 279 4332 (5)
301 4240 343 4328 R
355 4259 588 4340 primatemque
597 4260 753 4337 geminata,
766 4257 925 4318 dubitantis
934 4266 979 4319 est
989 4258 1149 4338 porticula:
1165 4232 1261 4325 fissi
1271 4259 1462 4323 adremon.

233 4364 280 4445 (6)
300 4351 342 4438 ἢ
354 4372 495 4455 porticula
507 4373 556 4434 hic
567 4372 712 4433 auxiliaris
723 4393 732 4432 ε
744 4370 807 4431 haec
817 4391 886 4450 ergo
898 4371 1002 4446 littera,
1016 4381 1158 4451 quatenns
1168 4371 1316 4452 portioris,
1330 4370 1462 4450 aliquau-

194 4485 232 4546 do
244 4495 289 4548 osb
301 4487 462 4567 prepositio
475 4493 505 4547 et
518 4486 595 4546 idern
609 4484 685 4545 velet
703 4505 738 4545 ac
753 4465 796 4548 st
810 4483 855 4545 rel
872 4462 929 4553 ᾗ,
949 4483 1104 4565 aliquando
1125 4488 1213 4549 servit
1233 4484 1461 4563 interrogationi,

195 4600 286 4661 rarius
298 4601 388 4661 etiam
400 4618 499 4660 rocem
511 4597 593 4660 fulcit
607 4605 658 4660 aut
670 4597 809 4676 phrasim,

234 4702 282 4782 (7)
304 4688 355 4788 Ξ,
369 4731 442 4775 nurus
454 4711 567 4790 aliquis,
580 4710 677 4772 adhuc
685 4712 834 4791 patrimus
