3524 5652
568 508 664 554 carun
684 508 816 551 marture
829 524 870 538 -
882 507 956 551 raas
975 508 1067 553 aaron
1388 494 1447 553 455

181 640 284 692 carens
299 623 400 688 stabili
416 639 450 687 re
464 621 601 687 familiari
616 629 646 686 et
660 628 761 687 eareat
780 620 878 684 stabili
899 622 1050 702 proposito
1068 643 1076 687 ε
1093 623 1118 686 si
1134 639 1222 703 porro
1242 630 1344 687 careat
1357 624 1447 688 stobi·

181 740 262 803 litate
285 736 391 813 animi,
415 736 527 801 eliusus
541 735 578 799 ad
600 735 749 800 licentiam
765 741 795 799 et
810 734 930 799 effrenis
944 736 981 799 ad
1003 737 1174 816 nequitiam,
1202 737 1276 801 nibil
1297 753 1356 801 non
1377 743 1448 820 aget

177 852 258 934 jam;
281 866 352 914 cum
367 828 504 915 inciderit
518 849 548 912 in
563 848 689 925 crimen,
712 854 783 913 tunc
798 864 868 912 vero
885 850 1073 929 prosequeris
1088 851 1125 914 ad
1141 850 1326 929 plectendum
1342 850 1445 926 illum;

179 967 236 1030 boc
251 970 298 1029 est
313 964 432 1027 irretire
448 963 589 1042 populum
607 981 615 1024 ε
633 962 684 1040 qul
700 962 751 1025 dat
768 968 801 1025 ut
815 962 965 1025 humanus
980 962 1026 1025 vir
1040 979 1188 1043 occupans
1203 964 1357 1039 thronum,
1374 964 1447 1027 irre·

180 1079 236 1143 tire
246 1077 403 1158 populum,
415 1075 505 1141 etiam
516 1083 605 1155 queat
614 1080 801 1155 perpetraret
817 1075 879 1138 Hae
888 1075 925 1138 de
934 1090 1024 1140 eausa
1035 1077 1152 1156 sapiens
1167 1077 1303 1156 princeps
1316 1076 1448 1155 prolecto

179 1192 334 1256 modestus
349 1197 439 1270 atque
454 1204 573 1269 parcus,
597 1187 768 1253 humaniter
788 1187 897 1267 exeipit
918 1189 1082 1265 ministros,
1099 1196 1129 1253 et
1144 1190 1290 1271 exigendo
1304 1206 1323 1253 a
1339 1191 1448 1270 populo

180 1311 282 1370 servat
304 1305 436 1369 modum.
460 1303 550 1387 lang
564 1304 625 1367 hou
646 1299 689 1385 (ll
711 1301 808 1366 aiebat
825 1322 833 1365 ε
851 1316 978 1381 operans
997 1302 1108 1367 dimotis
1127 1318 1186 1367 non
1208 1303 1265 1367 erit
1285 1304 1446 1379 humanus,

70 1464 75 1475 .
181 1434 309 1498 operans
324 1416 503 1480 humanitati
518 1431 577 1480 non
592 1415 650 1481 erit
665 1417 758 1481 dives.
782 1415 843 1479 Sub
858 1416 913 1479 llia
928 1415 1075 1495 imperiali
1090 1415 1213 1493 tamilla,
1232 1416 1449 1498 quinquaginta

181 1530 403 1611 accipiebantur
424 1535 454 1595 et
475 1529 646 1595 solvebatur
665 1528 796 1605 decima;
812 1528 861 1593 Yn
877 1529 1014 1594 homines
1035 1529 1184 1594 trabebant
1208 1529 1397 1612 septuaginta
1419 1537 1450 1595 et

181 1660 272 1726 opera
285 1642 444 1725 juvabant3
463 1643 584 1708 Tebeou
598 1642 736 1708 homiues
751 1649 871 1709 centnm
884 1642 1002 1725 iugera,
1020 1649 1049 1708 et
1064 1658 1146 1723 eque
1162 1642 1398 1723 participabant:
1417 1659 1449 1707 re

181 1763 283 1822 autem
305 1771 388 1833 vera,
409 1771 514 1821 omnes
528 1772 565 1820 en
580 1757 683 1822 decem
703 1772 795 1819 mum
814 1776 821 1819 :
839 1771 923 1836 eque
943 1756 1132 1836 participare,
1157 1756 1356 1821 communitas
1371 1757 1448 1822 scili·

182 1878 228 1936 eet
240 1867 304 1955 (0);
321 1868 514 1951 adiutorium,
535 1869 565 1934 id
580 1876 627 1934 est
640 1870 830 1934 commodare
844 1884 965 1950 operam
978 1866 1034 1954 (3).
1057 1871 1142 1953 Long
1157 1876 1202 1934 tse
1216 1868 1357 1949 antiquus
1372 1870 1449 1951 sapi-

182 2001 235 2050 ens
255 1983 354 2048 aiebat
371 2003 378 2047 :
396 1983 427 2047 in
446 1982 658 2048 distribuendis
678 1983 766 2046 terris
786 1983 828 2047 nil
847 1983 1036 2063 prestantius
1055 1999 1145 2063 quam
1165 1982 1304 2062 aeliutmii
1322 1983 1383 2059 len,
1407 1983 1449 2048 nil

182 2098 314 2178 iniquius
339 2112 429 2176 qnam
455 2096 577 2161 decima
597 2097 754 2161 tributum.
783 2096 920 2160 Decimae
942 2097 1099 2173 tributum,
1121 2104 1297 2177 computans
1319 2096 1450 2176 plurium

183 2227 331 2276 annorum
350 2210 489 2288 medium,
509 2209 636 2274 assumit
649 2210 681 2273 in
696 2209 833 2292 regulam
848 2214 1035 2275 constantem
1053 2230 1060 2272 :
1079 2210 1251 2276 laetioribus
1265 2210 1364 2287 annis,
1381 2226 1450 2276 cum

184 2339 350 2408 granorum
374 2338 479 2408 oryzae
503 2325 605 2404 lupina
626 2322 820 2399 selincuria,
844 2329 874 2389 et
894 2324 1063 2403 plusculum
1088 2325 1259 2408 exigeretur
1280 2323 1350 2405 quin
1373 2323 1450 2390 toret

184 2437 320 2514 saevitia
339 2443 409 2501 tune
424 2438 556 2516 paullum
572 2436 702 2520 anigitur
719 2433 762 2522 (4)
777 2456 784 2499 :
798 2436 979 2503 calamitosis
993 2436 1091 2514 annis,
1114 2454 1183 2503 cum
1199 2443 1365 2502 stercorare
1380 2452 1451 2503 suos

184 2566 306 2631 campos
328 2550 426 2614 adbuc
446 2567 505 2615 non
526 2550 663 2630 suppetit,
691 2557 763 2614 tunc
781 2550 903 2615 omnino
924 2550 1056 2633 exigitur
1075 2551 1237 2634 integrum.
1260 2552 1333 2615 Esse
1349 2550 1451 2631 populi

184 2680 305 2745 parens,
322 2670 353 2728 et
367 2662 482 2729 efficere
501 2670 535 2728 nt
552 2665 680 2743 populus
703 2663 795 2728 torvis
816 2663 911 2727 oeulis
931 2663 1037 2728 debeat
1058 2670 1153 2729 totum
1179 2680 1290 2728 annum
1316 2665 1451 2743 impense

184 2777 321 2843 laborare
333 2774 376 2862 (5)
393 2776 464 2858 quin
479 2776 694 2858 percipiatque
709 2778 770 2841 alat
785 2793 856 2846 suos
870 2778 1033 2860 genitores,
1054 2776 1234 2858 insuperque
1250 2777 1381 2841 mutuari
1397 2776 1450 2841 loe·

184 2907 257 2956 nore
267 2891 305 2954 ad
315 2891 524 2971 complendum
539 2891 612 2955 illud
628 2891 783 2967 tributum,
800 2897 831 2955 et
840 2889 954 2955 allicere
964 2896 998 2953 ut
1008 2906 1095 2955 senes
1104 2898 1135 2955 et
1150 2891 1234 2970 pueri
1244 2906 1276 2955 se
1290 2890 1451 2957 desolvant

184 3005 215 3069 in
225 3005 346 3070 canales
355 3010 386 3070 et
395 3005 502 3081 fossas,
518 3004 548 3068 in
560 3020 618 3083 quo
628 3003 771 3069 consistet
780 3003 854 3068 illud
867 3019 934 3068 esse
944 3003 1044 3084 populi
1059 3008 1232 3084 parentent
1248 3003 1450 3068 Haeredilaria

185 3118 343 3198 stipendia,
360 3117 391 3182 in
406 3118 506 3200 T‘eng
520 3133 553 3183 re
567 3119 686 3197 quidem
709 3132 778 3182 vera
800 3124 992 3197 usurpantur.
1015 3116 1055 3181 Α(
1069 3117 1195 3182 Carmen
1212 3114 1269 3201 (11.
1291 3113 1363 3200 58.)
1380 3115 1447 3180 ait:

185 3490 248 3553 loeo
260 3492 367 3552 tributi.
396 3492 513 3553 Toheou
530 3494 688 3571 assignavit
701 3492 853 3570 unicnique
865 3492 982 3553 familiae
998 3496 1055 3553 100
1066 3494 1184 3572 jngera3
1206 3502 1236 3553 et
1250 3493 1327 3552 intra
1340 3493 1452 3553 territo·

185 3604 259 3664 rium
274 3605 423 3684 metropoli
437 3604 655 3684 circumjectum,
674 3607 764 3684 juxta
779 3606 839 3666 Hia
860 3625 1000 3679 normam,
1025 3609 1103 3667 1000
1112 3608 1213 3685 jugera
1227 3604 1321 3667 canali
1334 3606 1451 3665 cneum·

186 3718 280 3793 dneta,
295 3738 314 3777 a
326 3717 423 3778 deeem
436 3718 553 3779 familiis
565 3717 651 3780 simul
663 3717 830 3780 otrlebantnr
843 3738 908 3779 curn
922 3718 1039 3780 decimor
1049 3714 1158 3797 'onere3
1180 3729 1265 3781 extra
1286 3718 1357 3780 illud
1370 3718 1451 3777 terri·

184 3833 300 3903 terium,
318 3831 405 3909 juxta
418 3831 467 3892 Yn
479 3852 620 3904 normam,
643 3835 702 3893 900
719 3833 824 3911 jugera
835 3833 864 3890 in
879 3851 981 3891 novem
1001 3833 1144 3910 quadrata
1160 3833 1318 3913 dispertita,
1333 3832 1451 3892 abacto

186 3943 293 4005 colonis
304 3941 480 4005 colebantur.
496 3943 537 4005 At
548 3964 584 4005 ex
595 3946 739 4005 communi
752 3945 903 4022 quadrato,
914 3945 967 4005 snb
979 3944 1026 4004 Yn
1036 3947 1258 4023 quatuordeeim,
1269 3946 1323 4005 sub
1333 3943 1451 4005 Teheou

187 4057 290 4135 viginti
303 4056 528 4118 detrahebantur
543 4059 646 4137 jugera
667 4078 717 4137 pro
738 4058 901 4118 colonorum
918 4057 1050 4119 domibus
1068 4067 1099 4117 et
1114 4058 1220 4136 hortis3
1241 4059 1317 4118 node
1330 4059 1450 4134 quiaque

186 4170 303 4231 colonus
317 4171 370 4231 sub
383 4170 431 4230 Yn
443 4180 561 4250 septem,
575 4173 628 4233 sub
642 4169 759 4232 Teheon
773 4171 871 4231 decem
885 4172 989 4250 jugera
1001 4169 1064 4231 loeo
1078 4172 1178 4231 tributi
1190 4171 1352 4243 excolebat,
1368 4178 1398 4231 et
1410 4170 1451 4229 sio

187 4284 285 4343 omnia
297 4284 335 4344 ad
347 4285 486 4346 decimam
500 4287 715 4346 revocabantur.

226 4388 272 4466 (4)
293 4369 390 4462 Μ
403 4398 539 4477 exprimit
550 4399 678 4478 lupinam
688 4397 809 4475 jacturae
821 4397 972 4473 incuriam
995 4398 1068 4459 sient
1081 4370 1123 4461 ἦ
1137 4369 1176 4460 ἢ
1191 4397 1235 4457 vel
1250 4370 1292 4461 ἦ
1309 4373 1364 4472 ἢ,
1382 4416 1449 4457 eon·

185 4511 279 4572 fusam
295 4528 389 4572 rerum
408 4511 583 4591 sparsionem
602 4534 611 4573 r
627 4510 813 4573 similitudine
831 4509 938 4572 scilieet
957 4509 1049 4591 alnpi
1062 4512 1187 4572 moribus
1199 4512 1299 4590 petita.
1320 4511 1369 4571 Ea
1383 4526 1449 4571 vero

187 4624 296 4685 incuria
308 4625 357 4686 hio
368 4627 409 4687 rei
424 4625 629 4686 abundantiam
643 4627 785 4705 supponit

227 4727 275 4809 (0)
291 4738 395 4801 Reoole
409 4739 467 4798 vim
481 4738 557 4799 illins
572 4714 623 4814 il,
630 4744 770 4816 jeminea
781 4756 836 4800 osse
846 4746 878 4797 ot
890 4745 945 4797 toto
956 4756 1030 4796 anae
1043 4740 1171 4798 laborent.

267 4849 289 4913 ir
752 4892 754 4897 -
1330 4835 1369 4909 ss
