3554 5642
543 473 640 516 cucur
660 473 810 515 suerranum
824 489 864 501 -
879 472 952 514 cans
971 472 1061 516 aaron
1379 461 1438 519 615

170 587 211 653 sic
224 601 300 651 csse.
321 584 439 659 Quanto
449 602 524 669 ergo
535 587 632 670 magis
642 587 704 664 ille,
717 586 767 667 qui
778 586 886 650 insidet
896 586 987 651 totius
997 586 1113 665 imperii
1123 587 1341 666 amplissimum
1355 589 1437 654 babi-

170 701 300 764 taculum
318 697 379 783 (tlt
400 701 473 764 llum
490 701 552 765 Lou
568 701 705 780 princeps
716 699 892 781 perveniens
907 700 936 764 in
953 701 1035 782 Song
1049 701 1240 765 inclamasset
1250 701 1286 764 ud
1301 702 1438 766 Turnott'

170 814 259 877 locam
275 821 394 894 portam
412 810 469 898 (2),
486 814 624 879 custodes
639 814 776 878 dixerunt
794 834 801 878 :
819 813 845 876 is
861 830 919 878 non
936 820 982 878 est
996 820 1098 878 noster
1113 814 1265 895 prinecps;
1290 817 1438 895 quomodo

168 929 231 1008 ejus
245 942 305 992 vox
322 927 415 992 relert
427 906 566 991 nostrum
588 928 766 1008 principem!
795 926 828 991 ld
844 942 904 991 non
919 928 999 991 aliud
1017 947 1025 990 ε
1043 928 1172 992 conditio
1186 928 1342 1008 utriusque
1356 930 1437 994 simi·

168 1043 205 1106 lis
219 1048 295 1106 erat.

223 1158 278 1220 37.
301 1154 448 1219 blentsius
463 1154 506 1218 ait
522 1175 530 1218 ε
548 1157 629 1220 alere
644 1165 675 1220 et
688 1170 747 1218 non
771 1170 884 1232 amare,
908 1162 954 1220 est
969 1160 1003 1219 ut
1024 1156 1188 1234 porcellum
1211 1161 1339 1221 tractare
1361 1157 1437 1237 sapi·
1530 1162 1533 1181 ’

168 1277 285 1346 entem;
303 1283 408 1334 amare
422 1275 453 1333 et
471 1284 530 1333 non
551 1269 700 1361 uenerari,
724 1274 771 1334 est
791 1269 911 1349 pecudis
932 1284 1016 1334 more
1037 1269 1118 1334 alere
1139 1268 1235 1332 illum.
1266 1270 1436 1348 veneratio,

168 1398 328 1447 munerum
351 1383 491 1462 precedit
511 1383 691 1449 oblationem
706 1385 753 1462 (3)
770 1403 778 1447 :
797 1382 917 1447 sienim
939 1384 1035 1447 bonor
1055 1382 1215 1448 destitutus
1236 1384 1274 1446 sit
1297 1383 1436 1462 veritate,

169 1496 285 1576 sapiens
301 1512 364 1561 non
380 1498 488 1575 poterit
504 1497 646 1560 inanitate
661 1496 798 1561 detineri.

223 1609 278 1674 38.
302 1610 449 1674 Mentsius
463 1611 503 1675 ait
517 1626 526 1673 ι
538 1626 644 1674 sensus
659 1625 727 1674 oum
743 1610 848 1688 formu,
869 1618 965 1675 sunte
977 1612 1053 1676 coelo
1068 1616 1175 1674 natura
1185 1609 1233 1690 (4)
1248 1615 1302 1674 :at
1317 1617 1440 1676 sanctus

168 1722 221 1802 rin,
242 1723 364 1788 nonnisi
379 1723 406 1787 is
421 1731 518 1803 potest
533 1723 671 1806 perfungi
686 1724 822 1788 sensibus
835 1724 895 1803 (5).

224 1837 279 1903 39.
304 1836 371 1901 T‘si
393 1836 483 1902 Siuen
505 1853 558 1902 reu
580 1837 698 1901 volebat
712 1838 868 1902 decurtare
883 1838 1008 1902 luctum.
1036 1838 1127 1920 Kong
1141 1854 1215 1902 suen
1231 1839 1353 1903 t‘cbeou
1368 1837 1411 1902 eit
1428 1858 1436 1902 :

168 1965 257 2034 agere
272 1951 364 2015 unius
378 1951 448 2014 anni
464 1952 590 2028 luctum,
607 1966 706 2016 nonne
720 1951 818 2018 adbuc
833 1959 954 2032 praestat
968 1967 1058 2032 quam
1073 1950 1210 2016 omittere
1225 1957 1342 2016 totum?
1357 1953 1438 2016 lien·

169 2064 242 2128 tsius
257 2064 302 2128 ait
318 2084 326 2126 ε
345 2066 401 2129 boc
420 2064 541 2144 perinde
561 2069 608 2128 est
622 2080 658 2129 ac
673 2064 698 2127 si
712 2064 801 2129 alicui
823 2065 1009 2144 detorquenti
1030 2064 1077 2127 sui
1099 2063 1199 2128 fratris
1220 2064 1387 2141 brachium,
1405 2071 1438 2129 tu

168 2178 282 2243 diceres
297 2177 342 2242 illi
360 2198 367 2241 :
386 2192 475 2258 porro
491 2177 614 2256 sensim,
637 2177 828 2258 pedetentim.
850 2179 963 2243 Verum
979 2179 1069 2244 edoce
1084 2179 1165 2242 buno
1186 2180 1327 2259 pietatem
1342 2184 1373 2243 ot
1387 2178 1437 2244 ob·

169 2292 364 2367 serrantium,
380 2298 411 2356 et
426 2292 467 2355 nil
482 2292 620 2372 amplius.
644 2291 718 2355 (lum
734 2293 815 2374 regis
831 2291 890 2356 lilio
905 2291 1062 2374 obtigisset
1076 2298 1109 2355 ut
1123 2307 1177 2355 sua
1193 2299 1290 2356 mater
1306 2307 1438 2357 morere·

170 2412 217 2468 tur
226 2405 287 2485 (6),
309 2404 375 2485 ejus
389 2412 552 2486 preceptor
563 2421 616 2485 pro
626 2406 678 2470 illo
693 2406 810 2488 rogavit
824 2406 938 2484 aliquot
953 2404 1100 2471 mensium
1116 2405 1240 2471 luctum.
1259 2405 1349 2488 Kong
1364 2422 1437 2471 suen

170 2520 291 2583 t‘cbeou
306 2518 349 2581 ait
366 2539 373 2581 :
391 2518 561 2598 hujusmodi
576 2535 648 2583 vero
663 2520 830 2598 quomodot
846 2519 1008 2599 Respondit
1027 2538 1034 2580 :
1053 2519 1078 2580 is
1090 2519 1181 2582 rellet
1196 2518 1337 2598 perficere
1351 2519 1438 2582 illum

170 2638 197 2695 el
212 2648 272 2696 non
289 2638 387 2712 potest
406 2631 540 2698 obtinere
557 2651 565 2696 ε
583 2632 652 2697 licet
667 2641 795 2712 ponatur
809 2647 868 2696 una
883 2632 958 2708 dies,
982 2632 1075 2695 salins
1091 2631 1147 2696 erit
1162 2648 1252 2712 quam
1274 2632 1435 2697 abstinere.

169 2746 231 2827 Ego
246 2746 391 2826 loquebar
405 2746 442 2810 de
456 2761 504 2822 co,
521 2762 610 2827 quem
627 2745 728 2808 nullus
743 2745 909 2825 probibeat,
927 2751 958 2809 et
973 2751 1072 2810 tamen
1088 2761 1148 2809 non
1160 2746 1234 2828 agit.

226 2858 279 2924 40.
304 2860 449 2923 blentsius
463 2860 505 2923 ait
522 2879 529 2922 :
547 2859 665 2939 sapiens
676 2858 783 2938 quibus
797 2859 1002 2935 edocemur,
1014 2858 1244 2938 quinquepartiti
1258 2868 1338 2922 sunt.
1362 2858 1438 2923 Sunt

170 2988 243 3052 quos
258 2972 342 3037 reiut
357 2980 522 3053 opportuna
537 2973 637 3053 pluria
653 2972 803 3039 loecundat
815 2993 823 3036 :
836 2980 905 3035 sunt
921 2988 1048 3052 quorum
1063 2972 1178 3051 perlicit
1190 2973 1350 3050 virtutem;
1368 2979 1438 3037 sunt

170 3101 296 3165 quorum
313 3086 449 3167 provebit
464 3086 620 3151 facultates
636 3082 678 3170 (7)
698 3104 705 3148 :
725 3093 795 3150 sunt
809 3101 936 3165 quorum
953 3085 1110 3164 respondet
1126 3085 1410 3167 intermgationibus
1426 3106 1434 3150 ι

170 3208 239 3262 sunt
254 3200 306 3280 qui
321 3199 460 3281 privatim
475 3215 508 3264 sc
523 3201 663 3265 excolunt
677 3206 707 3263 et
722 3207 904 3280 componunt
927 3195 982 3283 (8).
1012 3199 1187 3278 Huiusmodi
1211 3200 1342 3278 quinque
1365 3207 1435 3263 sunt

170 3313 276 3393 quibus
292 3314 411 3394 sapiens
425 3314 533 3379 erudit.

227 3428 279 3492 lt.
298 3428 389 3510 liong
404 3443 476 3490 suen
493 3429 615 3492 t‘cbeou
629 3428 671 3491 ait
694 3446 701 3489 :
723 3426 912 3507 perfectionis
931 3425 1049 3505 quidem
1066 3427 1114 3489 lex
1130 3425 1266 3493 sublimis
1280 3432 1334 3503 est,
1356 3426 1433 3490 bella

170 3546 230 3618 est;
253 3545 285 3604 at
304 3541 413 3622 qnippe
434 3541 519 3620 quasi
541 3540 700 3605 scandendi
722 3542 831 3605 coelum
853 3540 960 3616 instar,
984 3540 1102 3605 videtur
1123 3555 1182 3603 non
1205 3555 1293 3618 posse
1314 3539 1432 3620 attingi.

170 3651 275 3725 Quidni
297 3654 406 3719 ellicies
427 3662 461 3718 ut
482 3654 542 3717 illis
565 3656 623 3718 tuis
645 3653 683 3716 sit
705 3653 923 3734 quodammodo
944 3650 1056 3732 pervia,
1078 3661 1109 3717 et
1124 3652 1209 3717 sicin
1226 3652 1304 3717 diem
1320 3653 1436 3716 naviter

170 3772 330 3849 satagant?
349 3768 494 3832 blentsius
510 3769 681 3848 respondit:
696 3783 825 3850 magnus
838 3766 945 3830 artilex
961 3765 1083 3833 minime
1099 3781 1152 3846 pro
1169 3766 1235 3830 rudi
1250 3772 1354 3849 tyrone
1370 3782 1434 3857 mu·

170 3886 213 3943 tat
227 3888 277 3945 aul
293 3881 414 3962 deponit
429 3881 539 3946 tineam
554 3882 813 3958 atramentariam3
830 3881 844 3944 l
859 3880 971 3944 minine
983 3895 1036 3960 pro
1047 3878 1113 3943 rudi
1125 3879 1291 3959 jaculatore
1301 3878 1436 3944 mumbat

209 4126 253 4206 (3)
273 4108 314 4192 a?
334 4138 443 4197 offerre.

208 4237 255 4311 lli
274 4249 380 4310 Sensus
395 4269 457 4309 oum
473 4251 529 4309 onis
541 4249 741 4310 bibitionibus.

208 4353 252 4432 (5)
271 4361 399 4423 Perfecto
413 4363 456 4421 uti
469 4363 605 4424 censibus.

208 4467 253 4546 (6)
274 4476 413 4538 Subnubo
428 4475 488 4536 haec
501 4485 564 4537 erat
577 4477 660 4555 regis,
677 4496 736 4536 nou
749 4474 879 4555 legitimo
894 4493 975 4575 uxor.

207 4579 255 4659 (7)
274 4568 314 4657 ffi
329 4592 404 4652 idem
420 4610 455 4650 ec
471 4561 525 4649 θ.

207 4694 254 4778 (8)
272 4705 383 4768 Audita
396 4703 532 4784 sepientis
545 4704 684 4765 doctrine„
699 4677 743 4764 ἵε
756 4711 840 4764 sonat
855 4683 912 4764 χΙ]

242 4840 265 4881 ῙῙ
