3556 5664
535 524 630 567 canen
651 523 809 567 euoesnea
822 539 862 552 -
877 524 949 566 enus
968 524 1059 568 rocoa
1375 513 1434 569 421

161 641 182 704 ii
196 654 256 703 nen
273 643 428 702 eruncant
444 642 560 719 segetes
577 656 584 700 :
602 637 652 716 qui
668 636 810 714 aeliurant
824 637 907 700 illam
922 654 1068 714 crescere,
1086 638 1105 701 ii
1121 641 1282 702 extrabant
1299 646 1433 722 segetes3

162 769 222 818 non
233 753 336 816 solum
347 766 408 815 non
421 756 551 831 prosunt,
563 750 715 814 sedetiam
725 749 895 829 nocentipsi
906 747 1094 834 (tt-Quid
1104 750 1253 834 significat
1267 752 1436 835 intelligere

162 866 276 930 rerbar
303 864 470 944 Respondit
485 881 494 926 ι
511 863 536 926 si
551 863 635 927 devia
651 863 712 926 sint
726 864 829 939 verba,
852 878 1002 945 cognosco
1016 864 1047 927 in
1062 881 1121 945 quo
1136 866 1203 945 quis
1219 866 1434 942 balluoinetur;

163 980 189 1044 si
203 978 364 1043 licentiosa
388 977 448 1040 sint
469 977 570 1053 verbe,
594 992 742 1059 cognosco
758 993 816 1056 que
832 976 899 1056 quis
915 977 1078 1057 pror-uerit3
1096 979 1120 1041 si
1138 994 1228 1058 prara
1250 979 1311 1042 sint
1332 978 1432 1056 rerba,

164 1108 318 1176 cognosco
332 1091 363 1154 in
374 1106 433 1171 nno
448 1089 515 1169 quis
529 1090 662 1166 aberret;
681 1091 706 1153 si
721 1088 968 1173 subterfugientia
984 1092 1044 1154 sint
1059 1091 1157 1168 rerba,
1179 1093 1367 1175 cognoscem
1378 1108 1437 1172 quo

164 1208 218 1272 ille
233 1207 398 1270 exhaustus
415 1205 537 1268 horeat.
559 1205 669 1268 Euorta
686 1201 728 1288 (⁶2)
745 1204 775 1267 in
791 1203 916 1283 alicujus
932 1205 1032 1282 cerdo,
1049 1212 1158 1269 necent
1173 1205 1265 1284 ipsius
1280 1206 1436 1289 regimini;

165 1321 290 1385 inducta
304 1319 335 1381 in
352 1318 417 1397 eius
432 1317 589 1400 regimine,
606 1324 714 1381 nocent
729 1316 821 1397 ipsius
836 1318 973 1399 negotiis.
1000 1319 1099 1384 Sancti
1115 1318 1172 1382 siri
1187 1319 1212 1382 si
1227 1320 1335 1383 iterum
1351 1335 1437 1383 exur-

167 1440 289 1517 gerent,
308 1432 439 1512 proiecte
453 1431 651 1511 approbarent
668 1446 733 1495 mea
748 1430 849 1494 verba.
864 1418 986 1496 -rsar
1001 1447 1061 1514 nge
1077 1440 1107 1495 et
1121 1433 1180 1495 Tse
1196 1432 1277 1515 long
1291 1433 1441 1497 callebant

167 1548 269 1611 iacere
293 1560 463 1620 sermonem
487 1545 544 1608 lan
559 1543 659 1618 nieeu,
682 1545 742 1607 blin
758 1551 803 1607 tsc
818 1549 847 1607 et
863 1545 928 1608 l'en
948 1561 1025 1628 peon
1048 1545 1196 1610 callebant
1217 1546 1365 1626 explicaro
1381 1545 1438 1609 cir·

168 1667 267 1724 tatem
284 1677 292 1722 ε
310 1657 469 1721 Geniuoius
489 1657 578 1721 simul
600 1657 727 1721 habebat
747 1659 821 1731 baec,
839 1664 869 1722 et
884 1665 984 1721 tamen
999 1658 1097 1722 aiebat
1113 1679 1121 1722 ε
1139 1674 1197 1741 ego
1212 1660 1309 1739 quoad
1324 1658 1440 1723 dicendi

168 1774 284 1838 donum
299 1770 529 1837 rerenllralee.
553 1771 647 1847 Siita,
660 1786 745 1854 ergo,
763 1772 918 1852 magister,
929 1770 991 1850 jam
1002 1778 1166 1836 sanctones
1178 1770 1232 1857 (llll
1255 1772 1437 1852 Respondit:

169 1887 263 1968 quid?
286 1888 344 1949 boc
365 1884 435 1964 quid
450 1891 496 1949 est
510 1884 691 1949 verborum?
720 1884 798 1948 Olim
820 1885 982 1968 'iso-long
1003 1886 1087 1965 petiit
1101 1903 1119 1949 a
1134 1885 1285 1964 conluuie,
1310 1886 1436 1950 dicens:

170 2000 318 2082 magister
340 2006 424 2062 estne
446 2004 587 2063 sanetus?
611 1998 769 2065 doniucies
791 1999 943 2077 respoudit
959 2019 967 2063 :
986 2000 1151 2064 sanctitatis
1172 1999 1290 2080 quidem
1306 2015 1363 2082 ege
1379 2015 1439 2063 nen

171 2131 241 2178 sum
257 2113 350 2193 potis;
368 2128 426 2194 ego
440 2112 545 2176 studeo
560 2110 711 2195 sapientiae
726 2111 789 2174 sine
805 2110 933 2188 discidio,
946 2121 977 2177 et
989 2116 1080 2177 doceo
1095 2116 1159 2176 sine
1174 2113 1357 2177 lassitudine.
1380 2114 1440 2177 'lse

172 2229 257 2308 long
278 2224 430 2304 subinnuit
448 2244 456 2289 ι
478 2225 623 2289 «studere
637 2224 701 2288 sine
717 2225 833 2289 fastidio
856 2225 976 2291 scientis
991 2233 1048 2302 est,
1066 2228 1171 2292 doecre
1186 2225 1251 2290 sine
1266 2226 1440 2290 lassitudine

173 2340 215 2422 pii
229 2347 277 2404 est
288 2359 296 2402 :
309 2339 335 2401 si
350 2338 416 2418 pius
431 2343 462 2403 et
476 2338 565 2401 simul
581 2337 689 2413 sciens,
707 2331 851 2419 magister
864 2338 926 2417 jam
941 2348 987 2405 est
1002 2347 1134 2404 sanctus.
1145 2366 1159 2396 »
1177 2340 1234 2416 lta,
1251 2340 1440 2405 sanctitatem

174 2450 1437 2537 Goniuciusnecadmisilzenidistecrerborumestl-Olimlurtimaudirilroc{4);

174 2569 234 2634 Tse
249 2567 308 2642 lria,
329 2567 388 2630 Tse
402 2581 490 2648 peon,
508 2566 566 2629 Tse
582 2566 705 2647 tebang,
728 2581 833 2629 enarres
855 2566 993 2631 habuisse
1008 2568 1103 2631 saneti
1119 2567 1174 2629 riri
1190 2583 1280 2631 unam
1306 2572 1437 2645 pertem;

175 2682 232 2744 lan
248 2680 349 2755 nieou,
367 2679 426 2742 blin
442 2686 487 2742 tse
502 2686 533 2743 et
547 2678 612 2741 l'en
627 2695 703 2762 yuen
719 2693 790 2743 vero
805 2693 909 2743 omnes
924 2690 1024 2760 partes
1039 2687 1198 2743 attenues.
1227 2679 1328 2742 dedeo
1349 2678 1439 2742 inter·

176 2808 286 2876 rogare
301 2791 348 2858 cui
364 2791 555 2871 acquiescas?
576 2792 737 2871 llespondit
754 2813 761 2854 :
780 2791 899 2857 interm
915 2795 1050 2874 relinque
1065 2794 1142 2858 illes.
1167 2792 1234 2855 dit:
1250 2790 1288 2856 Pe
1303 2793 1313 2856 i
1328 2798 1357 2855 ct
1372 2793 1385 2855 l
1401 2809 1440 2874 pn

177 2907 346 2987 quemodo?
362 2906 540 2985 Respondit:
552 2922 611 2968 non
621 2906 724 2971 eadem
736 2906 794 2969 ria.
812 2905 874 2969 Nisi
884 2907 925 2971 sit
935 2909 1001 2971 talis
1012 2907 1160 2986 princeps,
1174 2922 1232 2973 nen
1245 2906 1371 2970 serviam
1382 2903 1438 2988 (5);

177 3021 235 3084 nisi
249 3020 290 3083 sit
305 3020 373 3083 talis
394 3019 532 3098 populus,
555 3034 615 3082 nen
636 3034 739 3100 regam
757 3039 765 3081 :
783 3018 808 3083 si
824 3018 897 3083 bene
920 3021 1113 3102 gubernetur,
1139 3029 1210 3083 tunc
1231 3019 1441 3101 magistrando

177 3133 273 3209 inibe;
292 3133 317 3194 si
328 3132 456 3207 turbate,
471 3139 540 3195 ωηο
555 3133 689 3197 recedam
700 3152 707 3195 :
719 3132 759 3195 ita
771 3130 809 3194 bt
820 3133 839 3194 i.
855 3133 907 3196 dei
917 3134 1045 3201 serviam
1056 3134 1126 3212 quin
1137 3133 1175 3195 sit
1187 3132 1330 3212 princeps,
1352 3148 1441 3211 quem

177 3247 286 3312 ducam
301 3247 372 3325 quin
383 3247 421 3308 sit
432 3245 558 3326 populus
572 3246 635 3323 (6)?
652 3246 677 3307 si
687 3245 762 3309 bene
777 3245 971 3326 guliemetur,
988 3249 1077 3312 etiam
1093 3246 1302 3327 magistratum
1317 3260 1439 3327 geram

177 3361 202 3425 si
214 3359 344 3434 turbate,
361 3359 452 3423 etiam
467 3374 570 3440 geram
584 3379 590 3421 :
604 3360 645 3422 ita
656 3359 668 3421 l
678 3376 727 3442 yn.
748 3359 776 3422 Si
789 3360 924 3437 expediat
938 3377 1054 3442 gerere,
1068 3366 1138 3424 ωηο
1148 3375 1251 3441 geram
1269 3359 1294 3421 sl
1306 3356 1443 3437 expediat

179 3473 334 3549 desistere,
352 3472 577 3547 cupedenses
595 3473 620 3536 si
631 3473 767 3555 expediat
782 3473 968 3556 prolongare,
989 3484 1060 3537 ωηο
1074 3473 1249 3553 prolongem
1267 3472 1292 3534 si
1307 3471 1443 3551 expediat

180 3588 369 3662 contradere,
388 3594 458 3649 ωηο
472 3587 632 3650 contrahas
644 3606 651 3648 ε
665 3586 705 3649 ita
715 3586 882 3653 contectus.
902 3586 1012 3651 Omnes
1023 3585 1053 3649 ld
1063 3585 1247 3665 antiquitatis
1256 3584 1351 3648 sancti
1363 3583 1439 3648 viri:

181 3715 238 3782 ego
259 3700 392 3763 nendum
415 3700 496 3778 potui
517 3700 635 3778 assequi
656 3714 745 3778 opere
763 3719 770 3762 :
788 3704 918 3763 attamen
941 3700 1020 3779 quod
1041 3705 1159 3776 exopto,
1182 3706 1227 3761 est
1247 3714 1317 3762 rere
1333 3697 1443 3760 imitari

182 3811 1245 3894 malaciam-PdletlyncumGoniucio,itaneeedemsuntordine?
1263 3810 1440 3889 Respondit:
1564 3880 1568 3885 ,

183 3925 304 3990 minime
322 3944 329 3988 :
348 3942 385 3990 cx
399 3940 459 4005 quo
479 3926 596 3990 luerunt
611 3925 673 3989 nati
695 3925 830 3990 lromines
851 3943 944 4005 usqne
966 3927 1073 4002 adbuc,
1098 3910 1346 3989 nondem'ertirtt
1367 3924 1444 3987 alter

220 4176 270 4254 (1)
290 4162 331 4245 2
346 4183 478 4261 denigrant
492 4201 562 4252 rem,
573 4182 610 4242 de
623 4199 682 4260 qua
694 4180 800 4258 agitur,
815 4177 930 4238 vitalem
944 4178 1084 4259 spiritum.

220 4289 270 4369 (ἓ)
288 4298 362 4358 Ηωο
373 4304 496 4375 quatuor
513 4294 597 4355 mala.
1163 4366 1166 4373 ,

183 4452 187 4460 -
220 4402 268 4483 (3)
289 4410 432 4488 Intelligie
445 4409 521 4469 enim
536 4410 631 4481 verbe,
644 4416 674 4467 et
687 4417 748 4467 tem
762 4408 833 4467 mire
846 4403 898 4464 alie
912 4405 1040 4483 regiaque
1053 4420 1163 4485 partem
1177 4404 1318 4467 censilem.

221 4516 270 4597 (t)
290 4496 345 4597 ff,
359 4521 527 4584 humilitatis
538 4529 591 4593 eet,
605 4522 738 4601 mopere
750 4521 825 4578 rrrr'di.

224 4630 270 4708 (5)
289 4636 377 4712 Talis,
392 4636 443 4715 qui
455 4655 515 4695 esse
527 4635 621 4707 debet,
635 4635 739 4712 dignus
751 4635 797 4696 eui
809 4653 864 4712 ego
877 4632 1008 4694 serviem.

223 4751 269 4823 (di
288 4750 392 4813 Nullus
402 4768 455 4811 rex
469 4758 519 4808 aut
533 4748 660 4829 populus,
674 4768 731 4808 nen
745 4749 846 4826 dignun
860 4766 895 4808 ee
908 4748 978 4828 ipse,
992 4747 1039 4808 eni
1051 4750 1173 4810 serrium
1187 4757 1234 4808 ant
1246 4746 1387 4807 mandem.
1426 4784 1431 4811 r
