3672 5690
707 463 794 504 nunu
819 461 1024 511 aquamanus
1443 449 1498 509 175

225 588 397 671 precavere
414 594 423 638 τ
441 576 531 639 bomo
544 575 641 655 quivis
654 575 725 639 dicit
741 594 748 638 :
765 589 823 657 ege
837 575 988 653 prudens;
1007 576 1093 659 eligit
1105 577 1136 639 in
1151 577 1248 640 medio
1269 577 1444 657 consistere,
1467 584 1498 643 et

227 703 284 753 nou
299 693 402 768 petest
417 689 514 769 spatio
528 689 639 752 mensis
654 704 773 753 servare
788 684 843 771 (1).

269 801 299 866 8.
322 800 487 865 conracius
500 802 542 865 ait
555 821 561 864 :
576 802 648 867 lloei
662 802 713 866 ille
726 808 791 866 erat
806 801 885 879 talis,
902 802 952 881 qui
967 803 1100 883 elegerat
1118 803 1148 866 ln
1168 805 1264 868 medio
1286 810 1422 869 constare
1439 800 1495 890 (ι),

228 922 445 995 assecutusque
470 929 561 978 unam
585 915 738 992 virtulem,
763 915 825 994 jam
849 931 950 997 pugno
974 922 1056 980 arcte
1079 917 1257 998 stringebat,
1284 915 1497 999 ingerebatque

230 1034 361 1109 pectore,
377 1034 409 1092 et
423 1043 483 1093 non
498 1028 665 1094 dimittebat
677 1044 744 1093 eam
767 1025 821 1112 (3).

271 1142 303 1207 9.
327 1141 488 1206 Gonlueius
502 1141 544 1204 ait
559 1161 567 1205 :
583 1139 740 1221 imperium
756 1151 786 1206 et
800 1156 893 1224 regna
913 1141 1026 1205 valebis
1047 1157 1237 1223 componere,
1254 1142 1415 1224 dignitates
1429 1159 1497 1208 een·

231 1271 342 1335 susque
363 1254 478 1318 valebis
502 1270 651 1332 recusare,
678 1256 805 1319 nudatos
828 1270 915 1319 enses
939 1255 1052 1321 valebis
1075 1257 1209 1332 calcare;
1226 1255 1315 1321 medii
1328 1257 1497 1335 aequitatem

231 1385 292 1433 unu
306 1368 420 1433 valebis
433 1369 564 1448 assequi.

274 1483 327 1547 10.
358 1483 416 1545 Tse
432 1482 481 1546 lou
506 1481 641 1560 quesivit
662 1483 698 1547 de
720 1480 901 1545 tortitudine.
925 1484 1084 1549 Gonluelus
1098 1483 1140 1546 ait
1163 1502 1170 1545 :
1194 1489 1279 1547 estne
1300 1483 1336 1547 de
1358 1483 1499 1546 australis

233 1594 365 1677 regioms
392 1594 575 1671 lorumdine,
599 1611 637 1658 an
659 1595 695 1660 de
718 1595 846 1660 borealis
869 1611 929 1660 orae
954 1596 1136 1672 tortitudine,
1153 1610 1190 1658 an
1205 1612 1276 1660 vero
1290 1596 1327 1660 de
1341 1602 1390 1659 tua
1416 1595 1497 1660 lorti·

233 1708 335 1772 tudine
351 1704 419 1791 (ill
443 1708 609 1791 benignum
633 1724 699 1774 esse
722 1709 879 1788 leuemque
892 1708 923 1773 in
937 1710 1130 1785 instituendo,
1156 1725 1211 1773 nee
1235 1709 1337 1773 ulcisci
1361 1719 1499 1788 expertes

233 1821 322 1904 legis,
338 1822 478 1885 australis
496 1822 628 1905 regionis
650 1821 790 1887 lortitudo
804 1828 849 1886 est
866 1819 908 1907 (5)
928 1842 935 1885 :
952 1823 1071 1903 sapiens
1084 1823 1209 1886 iuberet
1222 1823 1260 1888 ei.
1289 1822 1432 1886 incubare
1446 1821 1499 1886 aeri

233 1942 264 1999 et
277 1935 370 2012 eene,
387 1935 462 1999 mori
477 1952 533 1999 uec
545 1952 626 2017 aegre
640 1934 728 2011 terre,
753 1935 880 2001 borealis
905 1936 1036 2018 regionis
1060 1936 1200 2001 lentitudo
1214 1942 1260 1999 cst
1277 1956 1285 1999 ε
1303 1951 1392 2015 porro
1407 1935 1499 2001 lortes

232 2048 375 2111 insistunt
390 2048 416 2112 ci
431 2044 486 2132 (6).
510 2050 613 2129 ltaque
627 2048 790 2128 sapientem
805 2048 922 2113 facilem
935 2065 1001 2113 esse
1019 2056 1050 2113 at
1067 2065 1126 2113 non
1142 2049 1273 2125 labilem,
1289 2049 1431 2113 fortitudo
1452 2054 1501 2113 est

233 2162 328 2240 probi
345 2177 434 2241 quam
449 2162 534 2226 lorus
549 2182 557 2226 ε
574 2161 671 2226 medio
686 2169 819 2242 perstare
828 2168 860 2227 et
870 2178 929 2227 nou
940 2163 1089 2239 inebnari,
1106 2164 1180 2242 prob
1193 2169 1199 2225 l
1213 2177 1304 2242 quam
1318 2162 1403 2226 tortis
1416 2162 1498 2226 lorti·

235 2274 307 2338 tudo
316 2280 382 2338 est:
395 2274 560 2358 siregnum
573 2275 681 2340 babeat
693 2276 839 2353 ormnem,
852 2292 912 2341 nou
922 2277 1000 2341 alter
1012 2276 1075 2340 lieri
1084 2291 1120 2340 ac
1129 2276 1244 2355 privata
1254 2275 1315 2339 vita
1327 2277 1498 2354 conclusus,

273 2513 320 2591 (1)
341 2498 475 2586 ffivalet
490 2494 541 2591 fl,
556 2495 598 2581 R
618 2527 704 2580 sonat
723 2496 774 2582 ἦ.
806 2553 849 2566 -
882 2519 1025 2596 Imprimis
1045 2527 1116 2579 uota
1136 2491 1266 2582 illndE
1288 2496 1352 2579 ἵε
1374 2519 1501 2596 regirneu

234 2627 342 2696 scilieet
368 2632 519 2711 aliquando
544 2634 660 2693 verbum
692 2632 834 2711 precedit,
860 2632 1088 2710 frequentissime
1117 2651 1182 2691 rero
1204 2640 1238 2691 ιιι
1259 2609 1302 2698 Ξ
1324 2640 1353 2691 et
1376 2609 1426 2705 2,
1448 2640 1501 2692 aut

236 2727 278 2812 ἦῆ
293 2723 378 2807 etz
400 2746 482 2806 umal
495 2745 713 2825 conjungentur.

275 2852 321 2930 (2)
341 2857 511 2919 Notandum
525 2858 597 2919 illud
613 2834 654 2918 Β
675 2838 1201 2938 Ᾱ,οιιιι1ιιι]“ιιειιιοι1ι’1ιοιιιο,ιιι...

276 2964 322 3046 (3)
348 2954 387 3034 ΕΙ(
411 2973 517 3050 passim
541 2980 586 3033 est
604 2971 745 3052 particule
759 2970 878 3045 illectivis,
898 2991 963 3048 qnae
978 2989 1068 3031 unum
1083 2972 1203 3032 denotat
1223 2973 1260 3033 eb
1275 2971 1365 3032 altero
1380 2973 1501 3033 defluere

235 3096 265 3148 ct
280 3086 423 3164 consequi
438 3087 496 3146 sive
511 3086 715 3164 consequentia
728 3086 856 3158 rationis,
877 3091 912 3145 ιιι
927 3060 1025 3149 Μ
1048 3063 1084 3142 ΕΙ(
1108 3061 1147 3145 9ἓ
1223 3086 1328 3145 amissa
1343 3085 1502 3146 multitudi-

236 3220 273 3260 ue
289 3221 324 3261 eo
338 3201 400 3279 ipse
416 3199 525 3259 emittis
543 3216 662 3276 regnum
680 3221 688 3259 a
704 3199 763 3260 sive
785 3198 987 3275 consequentia
1003 3197 1081 3271 fecti,
1106 3198 1190 3257 etsie
1208 3196 1359 3259 Oeniucius
1382 3218 1439 3276 qua
1455 3198 1502 3259 die

235 3312 331 3373 funeri
347 3314 455 3387 ederet
475 3292 565 3372 5¹1ss
582 3290 624 3376 ff
635 3322 701 3371 tunc
715 3315 829 3388 quidem
839 3330 897 3370 uon
912 3311 1058 3371 cantabat
1074 3310 1157 3373 Alias
1171 3322 1215 3372 est
1229 3312 1325 3391 potius
1339 3310 1502 3385 discretiva,

236 3428 355 3505 quidun,
370 3445 442 3499 vere,
464 3434 497 3487 ut
511 3403 553 3489 ἦ
574 3405 611 3485 fl'l
631 3407 671 3489 ῙῙ
690 3401 732 3487 1
751 3404 791 3488 ld
808 3424 837 3484 id
859 3443 925 3483 vero
947 3431 1043 3502 potest
1060 3422 1173 3486 doleri:
1190 3424 1265 3484 uude
1284 3435 1324 3451 ···
1344 3404 1382 3484 Η(
1400 3424 1444 3483 bis
1459 3444 1503 3487 re·

236 3540 369 3619 petitum,
390 3559 477 3597 unuln
497 3541 614 3618 mutilem,
635 3542 753 3598 ulmum
773 3556 845 3611 vero,
870 3536 1022 3614 respondet
1040 3545 1137 3596 nostro
1153 3548 1217 3611 lune,
1234 3550 1302 3597 tum.
1336 3536 1503 3615 Aliquando

236 3662 391 3731 usurpatur
407 3672 458 3732 per
477 3654 672 3731 exceptionem
691 3651 751 3728 ejus
770 3652 846 3728 quod
869 3650 1000 3722 affirmes,
1022 3650 1096 3709 siem
1112 3652 1222 3727 parilem
1236 3650 1313 3729 apud
1328 3649 1443 3722 latinos,
1468 3660 1504 3711 ut

238 3740 282 3827 ξ
301 3745 339 3825 fl'i
359 3743 401 3829 Ξ
422 3739 520 3828 Ν
537 3744 578 3829 ᾗ
598 3745 639 3830 Ji
655 3743 815 3830 dunum
830 3764 945 3841 quidem
955 3762 1061 3822 bouum
1072 3773 1125 3836 est,
1142 3764 1191 3824 sed
1206 3765 1333 3823 noudum
1347 3781 1502 3826 summum.

279 3867 323 3942 (4)
343 3858 383 3937 ddi
399 3879 476 3941 velet
492 3858 542 3951 dd,
558 3852 599 3944 w
612 3887 655 3940 est
669 3876 808 3957 particula
820 3876 1007 3937 adrumetive.

279 3984 325 4062 (5)
344 3990 490 4053 Particulu
503 3969 545 4052 U
558 4012 638 4052 aarum
653 3991 700 4051 hie
710 3991 839 4069 sequitur
851 3990 987 4069 regimen,
1002 4009 1063 4048 cuns
1078 3990 1241 4067 beniqnitute
1258 3992 1406 4065 imbuere,
1429 3991 1504 4050 deni·

234 4107 342 4180 §nitate
355 4108 397 4166 uti
407 4107 449 4165 ad
460 4107 663 4168 ismiuasdum.

278 4209 325 4288 (6)
344 4221 398 4281 AEs
411 4226 442 4281 el
456 4219 574 4293 corium,
588 4218 664 4280 velat
676 4239 757 4281 strue
770 4226 800 4279 et
812 4218 907 4277 lorice
920 4224 971 4278 aul.
984 4216 1082 4295 galeae.

336 4468 484 4548 abrogare
622 4490 627 4497 ’
904 4445 972 4552 fr,
986 4461 1033 4537 Li,
1047 4464 1164 4543 erigere,
1179 4464 1344 4525 irradiasset
1358 4469 1443 4524 stus

241 4551 309 4663 ‘bi
335 4581 383 4657 aa,
398 4581 484 4644 mors
505 4581 543 4642 e.
562 4580 609 4643 rs.
888 4551 956 4658 ‘tel
983 4576 1010 4650 1,
1023 4578 1118 4639 aaa

243 4664 310 4780 (ἦ
333 4696 423 4772 uuo,
437 4693 697 4757 cenezaeum.
901 4665 969 4782 Q>
983 4691 1068 4764 rus,
1081 4701 1201 4753 muare.
1219 4693 1257 4751 n.
1283 4691 1348 4747 ιιι.

1385 4801 1423 4860 ee
