3556 5664
602 498 698 541 carun
719 497 977 540 namon—rans
996 498 1087 541 emon
1417 482 1476 544 eie

260 611 291 672 7.
318 610 416 693 Regni
432 610 496 673 T‘si
513 608 601 673 Siuen
613 625 666 673 rex
678 609 869 691 interrogans
884 609 925 672 ait
938 628 945 672 :
959 609 1024 673 T‘si
1040 610 1137 691 reguli
1153 610 1236 674 iioaa
1247 618 1278 673 et
1288 611 1360 674 Tsiu
1378 610 1476 694 reguli

201 725 281 788 Wen
303 731 402 805 gesta,
426 738 586 803 possumne
611 722 745 788 obtinere
760 729 793 785 ut
807 722 947 786 audiam?
974 723 1119 786 Meutsius
1141 724 1319 802 respondit:
1343 724 1476 790 Goniueii

202 836 339 916 discipuli
350 852 411 921 non
421 837 586 900 docuerunt
601 838 684 900 Honn
695 844 726 899 et
735 836 813 899 Wen
829 844 930 917 gesta;
949 836 1014 900 ideo
1025 836 1061 899 ad
1075 837 1271 916 posteriorem
1286 845 1403 901 aetatem
1415 852 1476 902 non

203 949 392 1026 transmissa,
410 957 440 1014 et
455 949 591 1013 subditus
606 956 676 1012 tuus
691 949 823 1012 nondum
837 963 873 1012 ea
888 949 1011 1013 audivit.
1037 949 1067 1012 Si
1082 951 1259 1014 cessandum
1275 966 1335 1015 non
1351 958 1396 1014 est
1414 951 1473 1031 (1),

204 1065 275 1144 quin
291 1062 391 1143 potius
404 1064 441 1127 de
457 1063 516 1126 iate
532 1063 707 1144 regnandot
733 1061 812 1125 Dixit
828 1078 881 1125 rex
898 1082 906 1124 :
924 1062 1034 1127 virtute
1049 1062 1141 1142 quali,
1157 1062 1220 1142 jum
1235 1070 1339 1144 potero
1354 1063 1413 1129 iate
1429 1079 1475 1128 re·

204 1181 318 1260 gnare?
338 1175 388 1241 dit
405 1196 413 1240 ε
432 1177 532 1241 fovere
556 1177 698 1255 populum
714 1181 744 1240 et
758 1174 802 1239 sie
817 1190 953 1257 regnare,
974 1191 1062 1241 nemo
1077 1175 1106 1238 id
1122 1176 1232 1255 poterit
1255 1177 1398 1256 impedire
1413 1177 1473 1258 (2).

203 1290 281 1354 Dixit
304 1305 358 1353 rex
380 1309 387 1353 :
411 1289 580 1369 hujusmodi
605 1290 732 1372 exiguus
754 1288 801 1351 vir
822 1290 872 1369 qui
894 1304 1027 1367 unquam
1052 1289 1160 1369 poterit
1186 1289 1286 1354 iovere
1311 1291 1475 1370 populum?

202 1403 251 1467 dit
268 1423 276 1467 :
295 1404 412 1482 poterit.
438 1403 517 1466 iiixit
531 1418 583 1466 rex
597 1403 766 1466 :undenam
782 1402 862 1467 nosti
877 1419 924 1466 me
941 1408 1049 1481 posset
1069 1401 1118 1465 dit
1131 1422 1138 1465 ε
1151 1418 1209 1485 ego
1224 1403 1361 1467 subditus
1375 1402 1476 1467 andivi

202 1517 281 1596 quod
297 1517 454 1595 prefectus
469 1517 534 1580 Hou
550 1515 588 1579 ind
603 1516 719 1580 dicebat
736 1535 744 1578 ι
762 1532 834 1598 rege
854 1516 976 1580 sedente
990 1516 1020 1580 in
1037 1516 1112 1579 auiae
1129 1516 1259 1597 fastigio,
1283 1516 1404 1580 inerunt
1423 1517 1476 1595 qui

202 1630 272 1694 inne
287 1629 447 1693 trahebant
460 1629 567 1694 bovem
582 1636 613 1694 et
628 1628 795 1693 transibant
808 1628 952 1709 palatium
967 1629 1055 1693 inira.
1080 1630 1141 1693 Rex
1158 1629 1262 1693 videns
1277 1630 1354 1707 iilos,
1381 1630 1472 1693 dixit:

201 1742 255 1806 bos
269 1758 330 1823 quo
344 1743 446 1807 vadite
470 1743 693 1823 despondentes
717 1743 856 1806 dixerunt
873 1763 880 1804 :
899 1743 1038 1807 volumus
1053 1758 1089 1807 eo
1109 1743 1196 1806 linire
1216 1757 1392 1822 campanam
1412 1744 1468 1824 (3).
1518 1718 1522 1726 ¹

202 1857 266 1919 Rex
280 1856 324 1920 ait
340 1875 348 1920 ε
366 1857 506 1920 dimittite
529 1856 627 1932 ilium,
650 1871 707 1937 ego
723 1871 783 1920 non
803 1855 936 1919 sustineo
958 1856 1044 1920 iilum
1059 1855 1102 1920 sie
1117 1863 1245 1920 tremere
1261 1865 1291 1920 et
1306 1856 1474 1922 innocentis

202 1969 297 2033 instar
308 1970 390 2035 adire
402 1970 508 2033 mortis
523 1971 632 2033 locum.
653 1969 788 2033 Subduut
801 1989 808 2032 :
822 1970 865 2033 sie
875 1984 949 2052 ergo
959 1968 1137 2033 desistemus
1152 1968 1261 2034 iiiinire
1276 1975 1473 2051 campanam?

203 2083 330 2163 Reponit
347 2102 354 2146 ε
373 2083 424 2163 qui
439 2083 563 2161 potestis
585 2083 747 2146 omitteret
772 2099 841 2147 oum
857 2098 912 2149 ove
927 2090 1108 2147 commutate
1123 2082 1218 2146 iilum.
1243 2082 1350 2148 Nescio
1364 2099 1403 2146 an
1423 2099 1473 2148 res

201 2196 342 2261 extiterit.
373 2196 453 2259 Dixit
474 2212 527 2259 rex
544 2183 627 2260 t'iuit
640 2195 694 2259 ita.
723 2194 772 2259 tit
790 2216 797 2259 :
816 2196 986 2275 hujusmodi
1009 2211 1061 2261 eor
1083 2195 1189 2260 suflicit
1204 2197 1242 2260 ad
1257 2197 1469 2279 regnandum:

201 2311 329 2389 populns
349 2316 431 2374 totns
452 2325 555 2392 regem
579 2309 761 2373 existimavit
785 2310 901 2373 sordide
925 2309 1082 2386 ndeetum;
1104 2324 1162 2392 ego
1178 2310 1269 2388 probe
1284 2309 1345 2375 seio
1369 2325 1473 2392 regem

200 2423 443 2491 eomnrisemtum
462 2423 564 2488 fuisse.
593 2423 656 2486 Rex
671 2422 713 2485 ait
729 2442 737 2485 :
755 2428 845 2486 certe.
878 2423 984 2502 Utique
1010 2422 1112 2487 snoest
1135 2424 1324 2502 popularium
1346 2423 1470 2503 aliquid,

200 2543 231 2598 at
245 2551 374 2618 regnum
390 2536 458 2601 T‘si
471 2536 608 2615 quamvis
627 2536 713 2600 vaide
733 2552 870 2616 parvum,
888 2552 945 2618 ego
964 2537 1113 2615 quomodo
1135 2537 1355 2616 concupiverim
1378 2553 1473 2601 unum

199 2648 306 2713 bovem
321 2650 388 2723 (itt
409 2649 528 2713 Seilieet
542 2665 602 2714 nou
618 2649 745 2713 sustinui
760 2650 846 2713 iilum
862 2655 1039 2713 trementem
1054 2658 1085 2713 et
1097 2650 1265 2714 innoeends
1279 2650 1374 2713 instar
1389 2651 1472 2716 odire

199 2762 305 2827 mortis
330 2763 442 2839 loeum,
464 2761 530 2827 ideo
551 2778 619 2828 oum
634 2777 690 2826 ove
706 2763 872 2842 permutavi
893 2762 979 2831 ilium
994 2764 1051 2840 (5).
1085 2762 1188 2826 Dixit:
1207 2778 1272 2839 rex,
1295 2763 1472 2829 nomineris

199 2875 277 2953 quod
294 2877 421 2955 populns
441 2891 545 2957 regern
566 2875 782 2939 existimaverit
800 2876 925 2939 avaritia
946 2876 1086 2941 adeetnm
1104 2895 1111 2939 :
1130 2893 1199 2941 eum
1215 2891 1307 2955 parvo
1327 2877 1472 2942 mutando

200 3004 356 3071 magnum,
368 2988 419 3053 iiie
429 2990 578 3068 quomodo
593 2989 767 3068 conjecisset
778 2994 862 3053 remi
879 2989 954 3065 Rex,
964 2989 989 3052 si
1000 2989 1295 3053 miseratusesillum
1306 2990 1471 3054 immunem

200 3102 285 3181 eulpa
301 3108 332 3166 et
348 3109 447 3166 tamen
463 3103 621 3166 adeuntem
643 3102 749 3167 mortis
768 3103 879 3178 iocum,
903 3109 974 3166 tnnc
989 3102 1096 3167 bovem
1112 3110 1142 3166 et
1156 3118 1242 3166 ovem
1259 3117 1351 3182 quare
1366 3102 1469 3166 distin·

201 3214 289 3278 xisti?
310 3215 373 3279 Rex
388 3215 545 3279 subridens
559 3216 602 3278 ait
618 3234 626 3278 ε
644 3214 815 3295 huJusmodi
835 3231 906 3279 vere
927 3216 1048 3294 quinam
1064 3216 1120 3281 iuit
1134 3217 1270 3279 animust
1295 3231 1353 3298 ego
1368 3217 1471 3280 nullus

202 3328 355 3408 oonoupivi
368 3329 434 3408 ejus
449 3328 590 3408 pretium,
607 3333 638 3393 et
651 3328 765 3391 mumvi
787 3328 885 3408 ipsum
900 3345 969 3393 enm
984 3336 1057 3393 ovet
1082 3329 1219 3395 merebar
1241 3330 1319 3409 quod
1342 3330 1471 3409 populus

237 3808 282 3887 (1)
303 3818 335 3879 er
348 3817 443 3878 annue
456 3816 544 3877 vnn
557 3816 657 3895 noque
671 3841 680 3879 ε
695 3793 737 3876 1]
751 3827 793 3878 est
806 3838 858 3896 pro
878 3799 928 3879 Ε.

237 3921 280 4000 (2)
301 3928 378 3990 Illud
391 3930 492 3999 recole,
508 3908 548 3991 αἶ
565 3932 690 4009 regimen
705 3930 794 3991 solere
807 3931 974 3991 antecedere
989 3931 1114 4003 verbnm,
1129 3939 1162 3991 nt
1175 3931 1345 4009 precedenti
1361 3909 1403 3999 ξ
1424 3930 1471 3993 vel

199 4021 452 4106 *consocietnrs
468 4019 510 4104 ᾗ
526 4024 566 4105 2
586 4023 639 4116 ἦ,
657 4017 699 4107 ᾗ
714 4022 753 4104 Ζ
771 4023 812 4108 ἢ
830 4018 882 4106 a

236 4148 282 4227 (3)
302 4157 436 4218 victime
446 4158 588 4236 sangunine
601 4155 732 4218 solebant
746 4156 826 4217 ollini
839 4176 936 4217 reeens
948 4157 1019 4225 suere
1032 4155 1116 4219 nolae.

235 4264 280 4339 (4)
300 4271 403 4333 sobet
417 4271 448 4331 in
467 4272 544 4331 i'eoto
563 4269 649 4349 hujus
669 4269 812 4348 populeris
832 4290 930 4331 senene
950 4271 1067 4349 aliquid,
1088 4290 1138 4333 een
1159 4272 1228 4334 faeti
1249 4276 1357 4352 speeies
1379 4273 1469 4335 hebet

194 4382 310 4463 aliquid,
323 4384 404 4462 quod
415 4384 483 4444 huie
496 4382 623 4462 populari
637 4383 715 4442 dieto
726 4383 776 4442 det
789 4403 897 4457 ensem,
912 4394 943 4443 et
957 4392 1008 4462 qni
1021 4385 1111 4445 neeoit
1133 4386 1253 4464 popolus
1273 4407 1370 4467 regem
1392 4386 1470 4447 haurd

192 4510 267 4560 certe
278 4519 313 4560 eo
328 4519 419 4577 nequae
432 4516 609 4577 praepemum
621 4504 653 4558 ut
663 4497 764 4557 bovem
779 4497 910 4558 efleeteti
933 4496 1010 4560 Illud
1025 4473 1072 4573 ἕ,
1084 4498 1211 4578 phrasim
1226 4499 1304 4562 velut
1317 4503 1469 4579 obruptom

191 4614 325 4674 ostendit.

228 4718 273 4799 (5)
295 4725 502 4791 conneximm
514 4724 588 4789 iilud
603 4698 657 4794 gu.
670 4725 757 4787 debet
769 4726 887 4788 omnino
901 4727 1045 4809 perpende
