3574 5664
542 462 637 510 maur
654 462 929 509 rusum-rsus
948 462 1111 510 rosrssros
1400 448 1458 513 251

241 578 297 643 16.
321 580 527 659 Philosophus
548 580 590 643 sit
610 597 618 642 ε
642 580 667 642 si
689 586 789 642 nativa
814 579 988 658 simplicitas
1012 586 1132 659 superet
1157 581 1280 645 culturae
1305 587 1456 657 umatum,

181 699 255 756 tune
270 693 335 756 eris
352 693 454 768 rudis;
472 693 497 755 si
512 698 635 757 ornatus
649 699 769 772 superet
784 692 1017 771 simplieitatem,
1040 700 1112 757 tunc
1128 692 1181 758 lies
1193 692 1325 774 pretorii
1339 693 1455 772 scribam

180 805 206 869 si
222 813 355 871 ornatus
369 812 402 870 et
416 805 590 886 simplicitas
604 805 702 870 debita
718 804 777 870 sint
792 807 993 886 proportione,
1010 806 1128 870 nonnisi
1144 813 1216 897 tunc
1230 806 1290 870 eris
1305 806 1434 886 sapiens.

240 920 297 983 17.
321 919 525 999 Philosophus
545 919 588 982 ait
609 938 616 981 :
640 920 730 984 homo
755 919 888 983 nascitur
911 925 1027 996 rectus;
1045 920 1124 998 quod
1148 935 1208 984 non
1233 927 1332 983 rectus
1357 927 1457 985 brnen

179 1031 277 1109 sinat,
295 1031 453 1097 fortunata
468 1037 515 1096 est
529 1032 720 1112 dispensatio.

240 1146 294 1210 18.
320 1145 523 1225 Philosophus
544 1145 586 1210 ait
603 1165 611 1208 ε
629 1161 814 1228 cognoscens
838 1145 1014 1226 sapientiam
1039 1160 1098 1211 non
1124 1144 1201 1209 sieut
1225 1160 1330 1208 amans
1353 1144 1454 1224 illam;

179 1274 289 1323 amans
305 1259 393 1323 illam
408 1274 468 1324 nou
483 1260 564 1324 valet
578 1275 656 1337 eum,
678 1259 728 1339 qui
744 1261 909 1324 delectatur
923 1258 975 1322 illa
990 1256 1048 1342 (1).

239 1372 295 1438 19.
320 1372 522 1452 Philosophus
537 1371 600 1435 ait:
616 1372 795 1437 mediocrem
811 1372 962 1437 hominem
978 1372 1233 1451 supereminentes
1247 1379 1373 1452 possunt
1387 1373 1454 1437 edo·

179 1486 240 1550 oeri
256 1484 452 1561 sublimiora;
471 1485 611 1549 mediocri
626 1485 739 1549 homini
754 1485 909 1549 interiores
919 1500 978 1550 non
990 1492 1115 1565 possunt
1129 1484 1302 1549 sublimiora
1317 1486 1445 1551 edoceri.

237 1598 294 1663 20.
318 1598 382 1662 ian
394 1600 476 1663 t‘ehe
490 1598 733 1680 interrogavitde
744 1599 910 1679 pmdentia.
933 1598 1143 1663 consociusait
1155 1619 1163 1662 ε
1176 1614 1283 1663 uacare
1299 1598 1454 1663 hominum

179 1712 313 1776 naturali
336 1711 522 1791 perfectioni,
545 1711 674 1775 revereri
696 1713 794 1776 varios
809 1712 932 1791 spiritus
946 1719 977 1776 et
991 1713 1093 1791 procul
1109 1728 1142 1776 se
1157 1711 1267 1775 hahere
1281 1710 1319 1775 ab
1333 1711 1377 1775 eis
1391 1711 1448 1792 (2),

180 1832 279 1905 potest
292 1824 354 1889 diei
370 1824 537 1904 prudentia.
556 1824 644 1888 Petiit
653 1826 690 1889 de
700 1825 798 1889 cordis
809 1824 990 1904 perfectione
1003 1843 1010 1887 :
1024 1825 1066 1889 uit
1078 1845 1085 1889 :
1099 1825 1247 1905 perlectus
1257 1823 1282 1889 si
1291 1831 1453 1905 anteponat

179 1945 297 2019 partem
313 1938 464 2002 difficilem
479 1944 509 2002 et
524 1945 682 2018 postponat
696 1938 934 2018 acquisitionem,
952 1938 1060 2018 poterit
1074 1938 1131 2004 diei
1147 1937 1295 2018 perlectus
1309 1939 1368 2017 (3).

237 2052 292 2116 21.
318 2052 519 2130 Philosophus
533 2051 576 2114 ait
592 2070 600 2114 :
618 2052 748 2131 prudens
768 2052 933 2115 delectatur
954 2064 1100 2132 aquarum
1123 2051 1276 2128 fluiditate,
1303 2050 1452 2131 perlectus

180 2171 262 2228 amat
276 2165 428 2230 montium
450 2164 687 2229 immobilitatem
705 2178 714 2242 ;
731 2164 862 2244 prudens
876 2164 992 2229 actione
1012 2173 1159 2242 movetur,
1177 2163 1327 2244 perfectus
1341 2165 1452 2230 virtute

180 2279 323 2358 quiescit;
343 2277 475 2358 prudens
487 2277 617 2356 iucunde
632 2278 716 2356 vivit,
734 2278 883 2358 perlectus
897 2282 944 2342 est
959 2278 1113 2360 longaevus
1127 2279 1186 2355 (1).

237 2392 291 2456 tt.
315 2392 518 2470 Philosophus
532 2391 574 2453 sit
592 2410 599 2454 :
619 2391 757 2474 Regnum
772 2391 837 2455 T‘si
853 2391 879 2454 si
895 2407 954 2455 uno
969 2392 1064 2475 gradu
1085 2393 1269 2469 immutetur,
1298 2390 1451 2472 perveniet

180 2505 216 2569 sd
237 2504 326 2601 regni
354 2505 417 2569 Lou
442 2504 569 2586 gradum
588 2525 595 2567 :
614 2504 676 2568 hou
691 2506 717 2569 si
732 2520 791 2569 uno
816 2502 912 2588 gradu
936 2504 1082 2586 proficiat,
1108 2504 1261 2584 perveniet
1279 2504 1316 2567 ad
1337 2511 1450 2569 rectum

181 2633 328 2683 nonnam.

236 2732 290 2796 23.
313 2731 517 2812 Philosophus
532 2731 574 2795 ait
591 2750 600 2794 r
617 2731 794 2814 angulatum
809 2732 949 2812 poculum
964 2730 1029 2796 sine
1043 2728 1179 2814 angulis;
1197 2746 1214 2797 o
1230 2728 1329 2811 quale,
1346 2742 1449 2796 orere

180 2846 360 2928 angulatum
376 2860 429 2909 vas
445 2842 509 2928 (bit

235 2958 289 3023 11.
313 2958 387 3023 Tsai
402 2974 463 3041 ugo
477 2958 667 3041 interrogans
677 2959 719 3022 uit
732 2979 739 3022 :
752 2959 992 3039 philanthropus,
1004 2959 1052 3023 vel
1062 2957 1088 3022 si
1098 2958 1444 3024 moueusillumdieens:

181 3071 218 3135 in
227 3080 330 3155 posteo
347 3079 394 3135 est
409 3072 517 3149 honam
535 3072 616 3135 hunc
629 3087 665 3136 eo
680 3072 731 3137 ille
746 3079 942 3153 prosequetur
958 3068 1013 3157 (6).
1042 3072 1200 3136 Goniueius
1214 3072 1257 3135 ait
1274 3090 1281 3135 :
1299 3070 1447 3150 quomodo

179 3436 282 3514 iguotae
294 3436 359 3497 sint
368 3436 535 3517 potestatis3
551 3436 600 3498 sed
610 3444 702 3498 totam
718 3435 937 3496 sollicitudinem
950 3435 979 3496 in
995 3455 1055 3495 rem
1068 3446 1183 3509 certam,
1197 3435 1240 3495 uti
1250 3430 1390 3495 naturalis
1403 3442 1446 3494 est

179 3550 319 3628 perfectio
336 3548 474 3610 conferre
497 3551 546 3612 Ex
559 3550 614 3610 hoo
626 3558 656 3610 et
669 3569 706 3610 ex
719 3550 821 3629 ospitis
842 3549 959 3610 secundi
972 3549 995 3616 i.
1013 3551 1068 3621 13„
1082 3547 1157 3608 elate
1170 3556 1259 3628 putet,
1276 3546 1445 3608 denudum

178 3662 207 3722 in
222 3662 346 3742 Spiritus
357 3662 479 3738 eredere,
493 3666 544 3725 sed
556 3683 654 3743 parum
667 3664 710 3737 iis,
724 3671 818 3722 totum
832 3682 898 3723 vero
911 3681 1023 3723 sumam
1038 3659 1118 3722 Coelo
1132 3661 1292 3723 attribuere

214 3768 260 3848 (8)
280 3774 357 3838 Pars
370 3775 501 3851 difficilis,
515 3778 551 3839 de
564 3794 622 3854 qua
635 3777 812 3857 potissimum
827 3775 941 3838 solliciti
953 3794 1014 3836 esse
1026 3774 1167 3848 debemus,
1183 3782 1224 3835 oet
1235 3790 1333 3836 seusus
1345 3770 1443 3836 morti·

177 3888 275 3950 bustim

214 3995 259 4074 (t)
277 4004 392 4066 Juvsre
414 4004 595 4083 prudentiam
617 4004 721 4065 dieitur
742 4022 882 4082 aquarum
904 4002 1039 4077 fluiditate,
1053 4002 1131 4081 quod
1143 3999 1216 4063 nihil
1228 4000 1289 4081 ejus
1302 4003 1444 4064 sotionem

178 4126 310 4178 moratur.
359 4094 409 4178 ss'
424 4119 455 4177 in
467 4119 561 4197 prims
573 4127 603 4179 et
615 4118 740 4177 monade
754 4117 846 4195 phrasi
858 4117 964 4196 legitur
976 4135 1041 4196 yso,
1055 4117 1191 4190 11111111,
1207 4128 1301 4175 unm
1307 4136 1320 4188 ,⁴
1333 4114 1365 4176 in
1377 4114 1444 4177 uld-

179 4246 233 4303 ms,
247 4231 348 4292 ubido
362 4232 506 4292 effectibus
519 4232 624 4311 agitur,
638 4239 722 4291 sonat
734 4229 763 4289 lo
780 4207 841 4292 m).

215 4334 260 4414 (5)
283 4322 329 4406 ss
344 4344 531 4425 oeuophorum
544 4352 606 4405 erat
617 4344 805 4421 angulatum:
818 4352 945 4423 temporo
959 4351 1057 4403 sutem
1072 4338 1211 4416 Oouflroil
1224 4343 1328 4403 smisso
1340 4338 1442 4418 forms,

179 4472 281 4517 nornen
287 4458 446 4539 retinebam
458 4459 587 4536 sdeoqrue
595 4457 728 4536 exemplo
736 4458 827 4518 utitur
836 4452 1019 4537 philosophus
1028 4457 1066 4517 ad
1073 4476 1162 4518 runos
1168 4455 1268 4517 titulos
1274 4454 1439 4516 irridendos

218 4560 261 4640 (6)
280 4572 443 4652 Discipulos
452 4590 513 4633 rem
524 4573 567 4632 itu
577 4570 731 4645 affirmans,
745 4571 780 4632 11
790 4571 922 4645 absurdo,
935 4571 1013 4650 qnod
1026 4572 1093 4634 inde
1102 4569 1291 4646 consequitur,
1306 4567 1441 4647 implicite

181 4680 381 4764 interrogabat.
