3574 5664
608 474 706 517 eaeor
724 472 874 516 remmus
886 489 928 503 -
939 473 1013 515 urna
1034 472 1124 516 aaron
1422 461 1481 519 ala

205 586 304 664 illum;
323 589 497 668 quomodo?
516 587 673 652 Gonlucius
687 587 728 650 ait
745 606 752 649 :
771 587 902 650 nondum
917 587 1007 663 hene;
1025 587 1099 650 illud
1114 587 1232 665 melius,
1249 587 1275 650 si
1291 588 1479 667 popularium

207 700 278 765 honi
293 709 399 766 ament
415 701 513 777 illum,
530 707 561 765 et
574 701 625 780 qui
640 701 766 780 improbi
782 709 850 763 sunt
867 701 983 765 oderint
997 701 1094 764 illum.

269 815 322 879 25.
346 815 548 894 Philosophus
561 816 604 878 alt
620 834 628 876 :
646 815 711 879 viro
726 814 851 895 sapienti
867 814 952 877 lacile
968 814 1104 892 servitur,
1132 821 1163 877 at
1176 815 1293 879 didicile
1308 815 1414 879 satisfit
1429 835 1436 879 :
1454 816 1480 879 si

211 928 291 992 enim
306 929 468 997 oblecteris
482 944 550 991 eum
566 943 624 992 non
638 928 722 1006 juxta
743 927 900 1004 rationem,
918 944 977 991 non
994 927 1168 1004 laetabitur;
1198 936 1230 992 at
1244 929 1340 1008 quoad
1356 929 1420 1009 eius
1436 928 1480 993 uti

212 1041 289 1118 aliis,
308 1042 432 1108 metitur
447 1043 640 1121 capacitatem
656 1056 770 1105 eorum.
800 1042 925 1122 Vulgari
941 1040 1053 1104 homini
1068 1041 1183 1105 difficile
1204 1042 1377 1117 famulatus,
1395 1043 1480 1107 lacile

212 1171 284 1220 reru
304 1156 556 1223 oblectamentum
581 1160 739 1236 praestatur
755 1174 762 1217 ε
781 1153 900 1219 sienim
916 1153 1046 1219 oblectes
1060 1154 1157 1231 illum,
1175 1155 1245 1219 licet
1258 1170 1318 1220 non
1332 1154 1416 1233 iuxta
1432 1172 1479 1219 ra·

212 1268 337 1347 tionem,
353 1268 565 1345 delectabitur3
582 1276 614 1332 at
628 1268 707 1349 quod
721 1271 759 1333 ad
773 1268 871 1347 ipsum
886 1274 1019 1331 utenmm
1034 1267 1112 1343 aliis,
1130 1268 1223 1350 erigit
1239 1269 1460 1348 perlectionem.

271 1383 324 1447 26.
348 1381 547 1460 Philosophus
561 1383 603 1447 ait
620 1403 628 1445 :
647 1382 693 1444 vir
707 1382 825 1462 sapiens
845 1388 891 1446 cst
911 1380 1090 1460 tranquillus
1104 1388 1135 1445 et
1149 1397 1208 1446 non
1233 1382 1390 1462 superbus,
1414 1383 1479 1445 vul·

213 1496 296 1578 garis
311 1497 401 1561 homo
416 1502 462 1559 est
477 1495 622 1575 superbus
637 1505 667 1560 et
682 1511 741 1558 non
758 1495 945 1574 tranquillus.

272 1610 325 1673 27.
347 1609 547 1688 Philosophus
562 1610 604 1672 ait
620 1629 628 1673 ε
647 1608 744 1686 fortis,
766 1615 918 1684 constans,
940 1606 1042 1671 habitu
1063 1607 1201 1688 simplex,
1224 1608 1341 1688 loquela
1363 1610 1478 1686 tardus,

213 1723 333 1803 propior
347 1728 394 1787 est
408 1722 592 1802 perfectioni.

271 1837 325 1901 28.
348 1838 406 1900 Tse
421 1835 471 1899 lou
486 1836 676 1919 interrogans
691 1836 733 1899 ait
750 1856 756 1897 :
775 1835 845 1915 quid
861 1849 950 1917 agam
966 1840 999 1898 ut
1013 1834 1125 1915 possim
1139 1833 1197 1899 dici
1212 1834 1363 1914 sapientia
1379 1836 1478 1900 candi·
1521 1813 1527 1824 ’

213 1949 321 2013 datust
350 1949 508 2013 Conlucius
531 1951 712 2029 respondet:
731 1950 830 2013 animo
853 1949 994 2023 lervidus,
1012 1948 1103 2012 verbo
1118 1948 1288 2025 stimulans,
1305 1964 1356 2011 ore
1371 1949 1476 2026 comis,

213 2064 325 2143 poteris
345 2063 402 2127 dici
423 2063 614 2140 candidatum
640 2079 708 2128 cum
730 2062 833 2126 amicis
858 2061 988 2126 fervidus
1004 2068 1034 2125 et
1048 2063 1216 2138 stimulans,
1244 2077 1312 2126 cum
1338 2062 1480 2126 iratribus

213 2177 308 2241 comis
323 2173 377 2261 (l).

271 2290 324 2354 29.
347 2274 545 2371 Philosophus
559 2289 602 2354 ait
616 2309 623 2352 ε
639 2289 664 2354 si
679 2289 789 2370 probus
804 2290 850 2353 rir
865 2289 980 2353 erudiat
995 2290 1120 2368 populos
1134 2294 1248 2369 septem
1263 2304 1369 2367 annos,
1387 2290 1478 2353 etiam

212 2409 353 2483 poterunt
368 2410 486 2484 praesto
500 2421 567 2468 esse
582 2403 715 2468 militiae.

271 2518 324 2582 30.
347 2518 545 2596 Philosophus
565 2518 606 2582 ait
623 2538 630 2580 :
649 2516 788 2582 adhihere
813 2519 940 2582 necdum
964 2515 1126 2581 instructos
1150 2517 1275 2595 populos
1294 2515 1331 2578 ad
1351 2515 1476 2594 bellum,

214 2629 271 2694 hoc
285 2631 392 2696 dicitur
406 2630 533 2710 abjicere
548 2632 626 2695 illos.

629 2859 753 2936 PARS
781 2858 1058 2935 poshumus„

273 3090 302 3152 l.
324 3088 490 3169 Discipulos
505 3090 579 3154 llien
597 3088 793 3173 interrogavit
808 3088 878 3169 quid
892 3086 1147 3153 erubescendum?
1173 3085 1332 3152 consocius
1350 3101 1476 3167 respon·

212 3200 277 3265 dit:
292 3202 317 3265 si
332 3217 426 3285 regno
441 3203 523 3286 viget
538 3203 619 3281 ordo,
640 3203 735 3285 gratis
749 3202 807 3266 lroi
821 3218 931 3279 censu;
948 3201 973 3264 si
989 3217 1116 3284 negatum
1132 3209 1230 3266 careat
1245 3201 1359 3276 ordine,
1377 3200 1477 3265 adhue

212 3313 272 3378 lrui
286 3330 388 3393 censu,
406 3316 575 3395 pudendum
590 3323 647 3382 est.

271 3429 300 3492 2.
324 3427 507 3492 Praeralendi
531 3430 601 3507 rinr,
629 3429 815 3509 jactantiam,
853 3428 1051 3505 aversionem,
1087 3427 1253 3508 cupidinem
1278 3442 1338 3492 non
1363 3425 1476 3491 hahere

210 3540 319 3633 locum,
339 3548 437 3622 potest
451 3542 555 3606 haberi
569 3543 753 3623 perlectum?
768 3542 927 3608 Conlucius
936 3541 1000 3605 ait:
1017 3548 1115 3622 potest
1128 3540 1244 3606 censeri
1258 3539 1390 3617 didlcile3
1408 3554 1476 3620 per·

210 3654 321 3719 lectum
337 3671 408 3721 vero
422 3671 480 3738 ego
495 3671 555 3720 non
570 3656 695 3721 alllrrno.

271 3770 300 3831 3.
323 3769 522 3849 Philosophus
540 3769 583 3832 ait
599 3790 607 3834 :
625 3769 775 3850 sapientie
800 3772 940 3834 alumnum
953 3769 1004 3850 ptri
1019 3769 1131 3852 cogitet
1154 3767 1390 3844 commoditates,
1413 3781 1475 3832 non

210 3886 258 3945 est
272 3882 379 3965 dignus
394 3884 445 3963 qui
460 3881 605 3946 habeatur
619 3882 769 3963 sapientie
783 3885 933 3947 alumnus.

270 3996 297 4060 l.
321 3997 520 4077 Philosophus
534 3997 576 4060 ait
593 4017 600 4060 :
618 3996 688 4060 siin
704 4013 798 4079 regno
813 3996 993 4079 vigetordo,
1011 3998 1088 4061 elate
1102 3997 1233 4077 loquere,
1260 3996 1337 4059 elate
1356 4009 1430 4077 age3
1448 3993 1474 4057 si

209 4125 335 4192 regnum
350 4117 452 4176 careat
466 4109 581 4188 ordine,
598 4112 675 4175 elate
690 4125 758 4193 age,
775 4110 896 4190 loquere
911 4109 1087 4174 submissius
1104 4108 1158 4196 (2).

246 4580 288 4656 (1l
306 4588 448 4654 Ferridue
461 4586 493 4644 in
508 4585 641 4646 amicitiae
654 4585 754 4645 officiis
766 4603 803 4644 ex
816 4585 914 4644 animo
928 4583 1082 4645 navandis.

245 4695 286 4776 (2)
306 4704 402 4780 Elath,
419 4709 454 4760 ut
470 4696 545 4759 nolis
559 4698 589 4757 in
602 4697 798 4760 adulationem
810 4704 840 4758 ei
851 4698 1042 4759 delectionem
1054 4697 1176 4758 demitti
1198 4666 1238 4752 ff
1253 4700 1337 4753 sonat
1349 4664 1410 4752 ff
