3554 5642
549 483 646 528 curun
663 481 923 527 smum-rcus
942 481 1107 526 roormon
1404 465 1463 524 583

190 599 313 683 gravius
334 599 474 678 quodque
489 597 594 662 inrito
614 597 722 675 leuius,
745 605 776 663 et
790 612 825 662 eo
845 612 1012 678 compares,
1036 596 1088 677 qui
1103 602 1220 662 tantum
1234 595 1293 662 erit
1309 612 1378 659 esus
1393 611 1463 681 gru·

190 713 254 777 rior
264 714 334 794 (br
357 711 389 775 Si
405 727 507 775 sumus
525 712 650 791 quodid
665 711 808 776 concubio
828 711 951 793 gravim
970 711 1108 791 qnodque
1122 711 1151 774 in
1168 712 1227 775 ritu
1250 711 1358 787 levius,
1382 716 1413 775 et
1428 724 1464 774 eu

192 840 360 906 compares,
378 825 429 905 uui
445 833 561 889 tontum
575 825 633 889 erit
647 824 828 889 connubium
843 824 986 907 gravius?
1006 823 1124 891 vadens
1140 825 1284 904 responde
1298 824 1342 889 illi
1358 825 1421 888 sic:
1438 823 1464 887 si

192 941 308 1005 detorto
324 939 427 1003 fratris
442 938 575 1015 brachio,
599 938 725 1018 arripias
746 938 814 1004 iude
828 954 926 1015 esum,
951 943 1022 1002 tunc
1036 937 1159 1002 babebis
1173 954 1274 1016 esum,
1296 937 1397 1003 sinon
1413 938 1462 1002 de·

193 1061 345 1133 torqueas,
370 1060 443 1118 tuno
461 1068 521 1117 non
542 1050 666 1117 babebis
684 1067 769 1116 esum
786 1072 794 1115 z
812 1051 947 1132 nunquid
967 1067 1040 1116 vero
1061 1051 1103 1115 sis
1125 1052 1198 1116 illud
1219 1052 1412 1115 detortumst
1433 1050 1464 1114 Si

193 1167 365 1231 transiliens
391 1165 544 1232 orientalis
565 1166 672 1231 domus
693 1176 822 1230 murum
835 1167 939 1229 trabas
961 1165 1026 1244 ejus
1047 1164 1202 1245 innuptam
1225 1167 1368 1244 puellam,
1393 1171 1465 1228 tunc

192 1279 316 1345 habebis
337 1295 480 1357 uxorem3
503 1280 530 1343 si
545 1295 605 1344 non
620 1280 734 1357 trabas,
759 1287 831 1345 tuno
849 1294 910 1343 non
931 1278 1055 1344 babebis
1076 1293 1200 1344 uxorem
1218 1299 1226 1342 :
1244 1277 1378 1357 nunquid
1392 1284 1466 1341 tunc

193 1393 235 1457 sis
249 1394 334 1458 iliam
349 1397 558 1459 extracturus?

251 1506 283 1571 2,
305 1506 400 1571 T‘sao
411 1503 454 1591 (2)
466 1506 607 1586 principis
622 1506 715 1570 imber
728 1507 816 1584 Kieo,
832 1506 1024 1590 interrogans
1033 1507 1094 1571 ait:
1109 1505 1245 1571 homiues
1260 1520 1365 1571 omnes
1378 1520 1466 1586 posse

192 1621 320 1687 evadere
329 1620 395 1685 Yro
406 1626 438 1685 ct
446 1620 559 1698 dboen,
571 1626 656 1685 estne
665 1625 786 1686 verum?
801 1620 946 1686 bieutsius
956 1620 1108 1702 respondit
1120 1640 1128 1684 z
1141 1620 1193 1684 ito.
1207 1621 1271 1703 Ego
1280 1619 1356 1684 Kiao
1365 1618 1467 1684 audivi

192 1736 273 1800 Wen
288 1750 393 1817 regem
402 1735 506 1799 docem
520 1734 612 1799 inisse
626 1734 806 1811 cubiturum,
823 1740 854 1799 ct
863 1734 965 1817 T‘nng
975 1750 1083 1801 norem
1098 1733 1267 1799 cubiturum
1279 1751 1287 1796 :
1300 1747 1381 1796 nunc
1390 1733 1466 1798 Kiao
1562 1772 1565 1777 -

191 1847 226 1912 in
240 1863 349 1912 novem
364 1848 454 1927 pedes
468 1852 498 1913 et
512 1853 641 1927 quatuor
655 1847 777 1928 pollices
791 1852 959 1929 protentus,
975 1864 1013 1913 cn
1028 1862 1172 1913 consumo
1188 1846 1291 1930 fruges
1305 1853 1337 1912 et
1351 1847 1392 1911 nii
1403 1861 1466 1910 om·

193 1961 284 2042 plius.
307 1959 384 2033 Quid
397 1976 492 2043 agens
504 1960 567 2041 jam
578 1966 702 2042 poterut
722 1959 905 2040 Respondit:
918 1960 970 2040 qui
984 1961 1248 2026 consistitinboct
1268 1960 1362 2026 Porro
1374 1976 1466 2042 agen·

194 2076 267 2138 dum
280 2080 339 2152 est,
356 2079 387 2138 et
401 2074 444 2139 nil
459 2074 551 2138 uliud.
581 2074 626 2139 Sit
640 2074 759 2154 quidam
775 2075 825 2139 hio
838 2073 906 2151 ioci,
925 2074 1039 2139 viribus
1053 2074 1202 2155 impotens
1217 2072 1358 2138 efferendi
1372 2089 1467 2138 unum
1482 2106 1484 2111 ,

194 2187 293 2252 aneos
307 2188 423 2269 pullum
435 2184 492 2273 (3),
508 2187 535 2252 is
549 2188 664 2253 dicetur
679 2187 839 2252 destitutus
852 2187 966 2253 viribus
980 2189 1071 2254 bomo
1083 2207 1091 2252 :
1105 2188 1224 2254 sinum
1237 2187 1318 2252 deut
1332 2203 1365 2252 se
1379 2187 1467 2252 ottol-

196 2303 258 2366 iere
268 2306 389 2366 centum
405 2302 555 2380 trioessos,
568 2301 669 2366 statim
678 2301 848 2367 censebitur
857 2301 1087 2382 potensvin'bus
1097 2303 1187 2368 bomo
1199 2321 1207 2365 ε
1220 2307 1251 2366 et
1260 2301 1304 2365 sic
1313 2302 1339 2365 si
1349 2302 1468 2367 attollat

198 2414 303 2479 famosi
317 2413 363 2479 On
378 2416 458 2479 bouo
472 2414 597 2495 pondus,
617 2431 653 2481 eo
666 2415 733 2495 ipso
747 2415 916 2480 censebitur
930 2414 976 2480 On
990 2416 1081 2491 douo,
1098 2415 1171 2496 quin
1186 2415 1267 2481 aliud
1284 2414 1465 2495 requiratur.

198 2528 294 2594 Homo
303 2543 396 2608 quare
406 2529 485 2609 quod
494 2527 592 2609 impar
601 2529 640 2592 sit
649 2528 867 2611 ducitangorit
882 2529 962 2609 quod
971 2544 1031 2594 non
1041 2535 1124 2612 agat,
1136 2529 1246 2609 potius.
1264 2528 1358 2593 lento
1373 2529 1467 2592 ineos·

199 2657 235 2705 su
249 2641 434 2722 subsequens
455 2642 600 2719 seniores,
616 2641 725 2706 dicitur
739 2641 948 2721 obsequiosum
973 2649 1130 2723 properato
1148 2642 1267 2707 incessu
1287 2648 1469 2721 praevertens

200 2754 343 2832 seniores,
359 2755 468 2820 dieitur
488 2754 667 2821 inofficiosus
684 2774 692 2819 ε
711 2753 881 2836 hujusmodi
896 2758 977 2822 lento
993 2755 1140 2832 incedere,
1157 2756 1208 2836 qui
1222 2762 1268 2821 est
1283 2754 1363 2835 quod
1377 2755 1469 2820 bomo

201 2882 258 2932 non
274 2870 388 2947 possit?
403 2869 483 2949 quod
497 2885 557 2935 non
568 2869 632 2951 ogit
647 2869 771 2935 scilicet.
795 2868 861 2935 Yoo
877 2875 909 2934 et
922 2870 1023 2935 Gboen
1037 2869 1184 2946 doctrino,
1201 2869 1319 2934 nonnisi
1333 2867 1469 2949 pietaset

202 2980 375 3061 obsequium
385 2987 416 3048 et
425 2981 467 3046 nil
481 2982 573 3047 uliud.
594 2982 641 3047 To
655 2982 762 3047 indues
776 2982 841 3046 Yao
856 2989 955 3048 vestes
971 2980 1027 3068 (4),
1050 2983 1173 3062 loquere
1188 2982 1252 3046 Yao
1267 2981 1370 3057 uerbo,
1394 2995 1470 3065 agas

203 3094 265 3159 Yao
279 3096 412 3161 dodones
430 3115 437 3159 :
455 3112 493 3160 en
508 3095 585 3173 Yao,
602 3102 632 3162 et
647 3095 689 3160 nil
705 3101 859 3176 proterea.
883 3096 930 3161 'l'u
945 3097 1051 3161 induas
1070 3093 1126 3159 lde
1140 3095 1324 3173 indumento,
1347 3095 1470 3174 loquere

203 3204 368 3286 menerba,
385 3225 443 3292 age
456 3207 513 3275 Kie
522 3211 665 3285 actiones,
682 3209 742 3273 eris
751 3207 807 3273 Kie
821 3226 915 3289 purus
929 3217 1029 3290 putus.
1047 3208 1097 3273 dit
1108 3229 1116 3272 :
1128 3209 1204 3273 Kiao
1219 3208 1363 3273 obtinebit
1376 3208 1469 3274 intro·

205 3321 267 3385 duci
278 3322 316 3386 ad
325 3321 447 3388 choou
458 3322 670 3403 prinoipem,et
680 3322 789 3404 poterit
798 3324 964 3388 conducere
974 3322 1182 3399 diversorium
1193 3322 1280 3401 cupio
1289 3321 1470 3387 commorari

207 3440 235 3497 et
247 3435 381 3516 accipere
403 3436 545 3501 lectiones
558 3437 590 3501 in
611 3442 662 3501 tuo
682 3437 795 3502 schola.
823 3436 984 3516 Respondit
1001 3456 1008 3500 :
1026 3436 1161 3501 doctriua
1182 3444 1228 3501 est
1247 3434 1339 3500 veluti
1359 3448 1469 3517 magna

206 3547 263 3625 riu
280 3549 331 3629 qui
346 3547 472 3614 difficilis
492 3550 636 3633 cognitur
659 3549 789 3615 bominis
809 3550 941 3616 deiectus
956 3556 1076 3615 estnon
1092 3564 1235 3629 querere.
1258 3549 1304 3614 'du
1319 3555 1470 3614 reuertere

208 3667 236 3723 et
250 3677 364 3742 quaeras
378 3662 477 3740 illum3
495 3663 617 3728 babebis
631 3664 704 3728 satis
719 3679 867 3744 superque
881 3664 1070 3748 mugistmm.

245 3851 289 3930 (1)
310 3859 452 3920 Extremo
475 3861 578 3922 edendi
600 3863 752 3922 necessitas
765 3882 824 3922 non
846 3871 961 3923 tontum
983 3862 1040 3922 ritu
1058 3862 1179 3941 gravior,
1204 3861 1255 3922 sed
1274 3861 1362 3923 ritum
1383 3863 1471 3940 longo

208 3972 355 4035 intervallo
367 3983 492 4053 superet.
512 3974 592 4035 Nutu
605 3973 676 4034 illud
691 3950 732 4038 ᾗ
749 3949 807 4037 m.

243 4076 292 4155 (2)
311 4086 393 4147 Tune
404 4088 539 4167 temporis
554 4076 641 4148 m‘sao
650 4086 712 4163 jum
726 4068 883 4149 eutinotum
894 4088 1008 4154 uiueret
1025 4096 1122 4148 eutem
1135 4087 1206 4149 illud
1219 4108 1341 4167 regnum
1354 4088 1385 4148 in
1398 4107 1471 4168 prae·

206 4199 288 4273 muti,
309 4188 397 4260 T⁴soo
418 4201 521 4262 tohoorr
534 4200 583 4261 fou
599 4176 659 4270 (1
675 4177 715 4265 Η
733 4173 802 4275 ffl'),
826 4199 1022 4262 Ohentononsi
1045 4200 1218 4281 prefectum„
1240 4202 1301 4262 Hic
1322 4202 1421 4280 egitur
1433 4201 1470 4262 de
1563 4224 1567 4231 ’

206 4311 331 4390 ejusdem
343 4313 460 4375 familie
474 4314 608 4395 principe,
622 4315 699 4394 cujus
712 4325 775 4376 erut
789 4314 866 4375 Kieo
877 4315 964 4376 freter
976 4315 1077 4376 minor.

243 4415 292 4497 (8)
313 4409 354 4490 ΠΕ
361 4470 369 4501 ,
382 4437 527 4489 contracto
540 4447 591 4509 pro
604 4398 660 4492 fl

243 4529 292 4611 (4)
310 4538 367 4601 Ille
380 4541 467 4601 etium
481 4542 607 4604 restibus
618 4542 758 4604 decentia
772 4541 892 4604 domimo
906 4543 1017 4603 ridetur
1027 4563 1036 4602 s
1047 4541 1112 4603 ideo
1121 4540 1259 4604 Mentsius
1268 4540 1330 4603 bue
1339 4540 1470 4622 opponit.

203 4700 274 4807 <st
301 4709 428 4798 T‘onom
442 4719 654 4804 pollusovium.
833 4698 922 4807 105
952 4720 1469 4803 onmipnmrmszqwsmoo.

283 4853 307 4896 11
1353 4836 1392 4896 74
