3556 5664
576 484 673 528 canor
693 483 808 527 minuar
819 498 861 513 -
874 484 948 527 nans
967 485 1131 529 scansuros
1425 471 1484 530 395

210 600 242 659 et
257 602 343 660 recta
360 597 400 660 ad
416 602 552 661 austrum
571 587 770 676 pervenirem
786 598 870 679 Lang
889 595 925 679 ye
942 593 984 680 (l)
1004 617 1011 660 :
1029 613 1086 680 ego
1101 597 1248 676 quomodo
1263 613 1439 678 componam
1451 605 1486 662 ut

213 710 327 789 possim
348 710 520 790 comparari
535 711 571 774 ad
592 710 732 791 pristinos
751 711 946 790 imperatores
965 711 1163 775 visitationem
1183 717 1329 794 agentes?
1355 712 1419 775 Yen
1439 719 1485 776 tse

216 823 372 903 respondit
390 844 398 887 ε
417 823 494 888 buna
509 824 627 903 quidem
643 823 853 906 interrogatio!
880 824 953 888 Goeli
975 825 1052 887 ilius
1071 825 1172 915 adicus
1192 825 1313 907 regulos
1333 825 1486 889 dicebatur

218 938 348 1002 lustrare
364 937 531 1002 custodita:
545 938 674 1001 lustrare
689 938 846 1012 custodita,
865 938 951 1002 idest
965 937 1086 1001 visitare
1101 939 1179 1018 quod
1195 937 1409 1003 custodiebant.
1429 938 1484 1004 lle·

220 1050 282 1134 guli
305 1051 482 1115 accedentes
503 1051 540 1115 ad
561 1050 771 1130 imperatorem
794 1051 967 1116 dicebantur
989 1050 1100 1115 referre
1121 1052 1354 1116 administrata:
1374 1052 1486 1116 referre

219 1163 439 1240 administrata,
457 1163 486 1228 id
501 1169 547 1228 est
560 1164 712 1229 declarare
726 1180 792 1243 quae
807 1164 1012 1228 administrata
1028 1163 1155 1229 fuerant.
1179 1166 1243 1229 Nun
1258 1180 1331 1247 ergo
1345 1164 1486 1229 carebant

220 1292 254 1341 ea
269 1278 392 1360 negotio
408 1273 464 1361 (2).
486 1278 521 1341 ln
538 1293 606 1342 vere
620 1284 720 1341 autem
736 1278 945 1342 examinabant
960 1284 1094 1342 aratores
1103 1283 1134 1342 et
1148 1278 1322 1358 supplebant
1334 1294 1393 1342 nun
1407 1277 1485 1341 subl·

220 1390 322 1455 ciens:
336 1390 523 1455 inautumuu
537 1389 747 1456 examinabant
761 1398 918 1467 metentes,
936 1399 966 1455 et
975 1391 1155 1470 adjuvabant
1170 1407 1229 1455 non
1244 1391 1314 1454 satis
1329 1391 1484 1455 babentes.

220 1504 296 1567 ilinc
311 1503 454 1587 dynastiae
470 1504 524 1567 ilia
540 1504 679 1586 adagium
694 1504 810 1568 dicebat
826 1524 833 1567 :
852 1504 877 1567 si
894 1512 996 1568 noster
1011 1504 1173 1583 imperatur
1188 1520 1246 1568 non
1263 1505 1484 1587 peregrinatur,

220 1632 276 1680 nos
290 1616 440 1696 quomodo
455 1617 658 1696 quiescemus
676 1617 701 1680 si
717 1624 819 1682 noster
836 1618 998 1697 imperator
1014 1632 1073 1683 non
1093 1619 1247 1698 spatiatur,
1273 1634 1328 1682 nos
1341 1618 1420 1681 unde
1434 1617 1485 1681 ad·

218 1730 412 1809 jurabimurl
434 1730 497 1792 Una
518 1730 728 1805 deambulatio,
752 1746 811 1793 una
832 1731 976 1795 recreatio
991 1737 1055 1796 erat
1072 1731 1245 1814 regulorum
1260 1745 1376 1795 norma.
1400 1731 1488 1794 Nunc

220 1859 362 1908 veronon
376 1845 416 1907 ita
436 1863 444 1906 ε
465 1844 582 1925 legione
597 1844 697 1926 agitur
713 1844 777 1922 iter,
804 1861 918 1909 necnon
941 1859 1059 1909 annona
1079 1844 1206 1920 cibaria;
1234 1852 1263 1908 at
1282 1852 1405 1926 egentes
1425 1859 1486 1906 nun

221 1959 403 2022 manducant
412 1965 443 2022 et
453 1957 622 2021 laborantes
632 1972 690 2021 non
702 1956 859 2037 quiescunt
873 1978 881 2022 ε
896 1958 946 2037 uui
964 1965 1047 2022 torve
1062 1958 1250 2037 inspicientes
1266 1958 1392 2022 invicem
1403 1956 1485 2021 oblo-

220 2079 365 2149 quuntur,
377 2070 949 2150 etpopulusesindeinclpitabommari.
962 2070 1144 2154 Transgredi
1155 2071 1304 2147 mandata,
1317 2070 1487 2150 opprimere

221 2185 376 2263 pupulum,
400 2184 501 2248 bibere
520 2189 551 2248 et
572 2184 751 2248 manducare
771 2185 848 2249 sicut
865 2184 975 2261 aluvio,
1000 2184 1141 2262 deluere,
1165 2185 1299 2262 reluere,
1326 2184 1483 2263 dissipare,

220 2298 356 2376 perdere,
373 2298 530 2361 factasunt
545 2297 738 2380 dpnaslarum
753 2298 898 2381 egritudo
910 2296 964 2382 (3).
989 2297 1183 2378 obsequendo
1199 2298 1290 2361 luxui
1305 2299 1486 2362 descendere

221 2417 251 2474 et
266 2410 402 2474 oblivisci
417 2410 537 2487 reverti
562 2411 670 2474 dicitur
691 2412 820 2476 defluere
838 2431 845 2474 ε
864 2412 1045 2490 insequendo
1062 2412 1173 2475 dunum
1189 2411 1348 2475 ascendere
1364 2415 1395 2475 et
1411 2409 1485 2475 obli·

221 2523 294 2587 visci
311 2523 431 2599 reverti,
448 2524 556 2588 dicitur
571 2524 696 2587 reluere
713 2544 720 2587 :
739 2526 846 2589 sectari
864 2524 941 2588 ieras
956 2525 1020 2588 sine
1036 2524 1163 2601 fastidio,
1186 2524 1294 2588 dicitur
1309 2524 1482 2603 dissipatio:

221 2636 314 2699 lactari
326 2636 395 2700 rino
405 2636 469 2702 sine
479 2639 625 2713 satietate,
643 2638 750 2701 dicitur
766 2640 899 2717 perditio.
926 2638 1043 2702 Pristini
1059 2638 1253 2717 imperatores
1266 2654 1325 2702 uun
1336 2636 1486 2701 habebant

221 2749 367 2813 defluendi
390 2750 592 2831 reddendique
613 2751 792 2830 uoluptates,
817 2751 1016 2831 dissipationis
1037 2759 1068 2815 ct
1087 2750 1259 2830 perditionis
1280 2758 1355 2815 acta.
1386 2749 1486 2814 Solius

221 2864 363 2943 principis
382 2863 439 2927 erit
464 2865 642 2928 altemtmm
673 2878 773 2946 agere.
803 2865 884 2947 King
909 2866 973 2928 iius
1002 2871 1121 2947 gratum
1151 2863 1254 2927 babuit
1281 2884 1288 2927 :
1317 2864 1375 2926 late
1404 2863 1487 2927 dedit

220 2977 351 3041 edietum
371 2977 402 3039 iu
418 2993 512 3060 regno
529 2997 537 3040 ε
558 2977 650 3042 exivit
671 2977 805 3042 babitare
824 2979 855 3042 in
876 2977 1000 3057 campis,
1024 2983 1054 3042 et
1069 2994 1106 3042 en
1126 2979 1182 3042 boc
1202 2976 1312 3058 incepit
1333 2975 1486 3041 edunderc

220 3089 396 3171 largitiones
411 3092 600 3171 suppleturas
614 3091 693 3171 quod
708 3107 766 3154 non
783 3092 945 3156 subiciebat
956 3088 998 3174 (4)
1013 3091 1191 3156 :accersivit
1205 3105 1348 3173 maguum
1363 3090 1486 3153 musicae

220 3203 404 3282 praesectum,
422 3205 521 3284 aitque
538 3224 546 3267 :
565 3221 619 3284 pro
634 3222 681 3269 me
697 3204 743 3269 iac
758 3205 899 3285 principis
913 3210 943 3268 et
958 3204 1086 3268 ministri
1102 3205 1190 3267 simul
1206 3205 1399 3286 gaudentium
1419 3219 1484 3266 mu·

218 3315 313 3381 sicam
331 3313 391 3400 (5);
416 3317 529 3383 scilicet
547 3319 628 3382 che
648 3319 723 3382 clrao
737 3325 768 3382 et
786 3319 842 3383 llio
862 3319 937 3383 cbao
951 3333 986 3383 ea
1001 3324 1048 3382 est
1064 3315 1118 3401 (6).
1148 3318 1220 3397 Eius
1242 3333 1362 3381 carrnen
1383 3316 1455 3380 dicit
1474 3336 1486 3421 τ’

260 3568 305 3646 (3)
325 3576 587 3654 Transgrediemur
600 3576 641 3635 sio
655 3576 759 3654 Reguli
777 3576 969 3655 Imperatoria,
991 3577 1040 3657 qni
1054 3596 1102 3636 eos
1114 3577 1271 3647 constituit,
1292 3576 1438 3650 mundata,
1455 3586 1487 3638 et

220 3689 294 3749 dunt
307 3690 486 3749 subditorum
509 3690 696 3767 dynastarum
715 3688 863 3750 calamitas
877 3713 886 3751 a
899 3690 1038 3763 defluunt,
1058 3690 1182 3749 seeundo
1196 3689 1322 3761 flumine,
1345 3691 1487 3768 cupidita·

220 3804 297 3863 tibus
306 3803 495 3881 indulgeud03
509 3804 641 3876 renisum,
651 3804 769 3862 adverso
780 3802 905 3873 flumine,
919 3804 1045 3862 omnium
1054 3803 1168 3880 judiciis
1179 3805 1307 3880 votisque
1317 3803 1487 3869 resistendo,

259 3908 306 3987 (4)
326 3916 414 3977 Dedit
432 3916 556 3976 edictum
574 3916 612 3976 od
629 3936 735 3976 novum
752 3917 879 3993 regimen
901 3917 1107 3975 enurrciandum
1125 3939 1133 3976 a
1152 3915 1295 3976 habitarit
1306 3915 1337 3974 in
1352 3917 1437 3993 agria,
1452 3926 1487 3977 ut

220 4028 326 4089 colonia
340 4030 476 4108 inspicere
491 4037 593 4108 posset.

259 4136 305 4213 (5)
326 4136 465 4220 Principis
478 4151 509 4202 et
523 4143 652 4215 ministri,
666 4162 715 4201 seu
732 4143 812 4221 King
825 4144 912 4202 Ducis
926 4152 956 4202 et
970 4141 1033 4202 Yen
1047 4151 1098 4206 tac.

258 4252 302 4326 (6)
324 4256 410 4335 Apud
431 4255 517 4315 Sinas
536 4265 604 4315 sunt
624 4258 749 4333 quinque
762 4256 855 4316 clares
874 4258 1001 4334 musicam
1025 4258 1117 4334 prima
1139 4256 1228 4335 Kong
1248 4257 1347 4335 incipit
1362 4276 1381 4316 a
1394 4259 1441 4314 Fa
1455 4268 1486 4318 ct

218 4381 371 4449 usurpatur
383 4388 436 4447 pro
450 4388 517 4446 rege
531 4392 538 4429 :
553 4369 677 4429 meando
692 4368 795 4448 Cbang
808 4391 826 4432 a
839 4372 900 4443 Sol,
919 4389 970 4448 pro
984 4370 1195 4448 magistratibus
1209 4371 1311 4431 :tertia
1325 4369 1383 4429 Kio
1396 4390 1415 4429 a
1429 4371 1486 4445 Lu,

217 4503 267 4563 pro
280 4485 362 4564 plebe
377 4506 385 4543 t
402 4490 507 4560 quarta
528 4482 638 4543 Tehaa
658 4486 713 4557 Do,
730 4502 782 4563 pro
796 4484 917 4562 nuptiis
931 4505 939 4544 ε
953 4485 1054 4559 quintu
1077 4482 1125 4543 Yu
1140 4504 1158 4544 a
1171 4485 1222 4554 Rc,
1242 4503 1293 4562 pro
1306 4501 1398 4543 remur
1421 4502 1487 4545 usu.

215 4574 355 4672 iflchao,
380 4598 458 4656 idern
472 4616 507 4654 ac
521 4570 581 4668 iii,
609 4597 825 4657 «columma»
843 4598 949 4657 musica
972 4597 1151 4677 imperatoria
1171 4596 1278 4659 Choen.
1303 4598 1383 4674 Ergo
1404 4593 1487 4659 Tube

212 4711 295 4791 chao,
310 4712 371 4774 Kio
385 4711 469 4784 chao,
483 4710 634 4771 concordia
647 4710 678 4769 iu
692 4714 747 4787 Do,
761 4711 913 4773 concordia
926 4711 956 4771 in
970 4711 1024 4772 Lu.
