3572 5650
316 477 355 534 10
808 491 906 532 uerae
927 491 1078 531 raauvrue

315 600 446 690 T‘cheng
455 632 541 690 weng
549 613 683 673 tredecim
692 621 893 676 annoenatum
903 612 985 672 fratri
995 615 1213 674 commendavit.
1227 613 1290 688 Qui,
1303 614 1501 676 Oheutcnensi
1511 616 1577 676 seu·

312 726 350 787 do
361 725 416 786 filio
429 745 479 786 suo
494 727 536 787 Pe
547 714 608 786 lr‘in
619 698 656 782 ld
667 702 859 803 ssdelegeto,
870 746 982 786 summa
991 745 1056 807 curn
1069 728 1122 786 lide
1134 735 1258 788 tutorem
1271 747 1367 806 egene,
1381 737 1576 810 nepotemque

312 840 390 901 miris
398 840 574 901 documentis
582 839 743 912 imtituens,
753 840 873 898 fratrum
882 840 968 899 Koen
976 840 1058 913 cheu,
1071 827 1150 901 T‘eai
1159 841 1233 902 cheu
1241 849 1271 901 et
1281 843 1329 903 He
1342 842 1415 902 cheu
1424 845 1574 919 invidiam,

312 954 358 1012 uti
368 951 482 1027 essolet,
496 954 633 1013 excitavit
642 975 649 1010 r
664 954 786 1032 tempori
794 962 895 1032 sponte
904 953 1013 1025 cedens,
1025 954 1153 1031 privatus
1162 956 1246 1033 petiit
1256 954 1422 1017 orientalem
1432 967 1574 1033 montem,

312 1076 342 1127 et
355 1075 468 1147 petrem
480 1067 610 1126 imitatus
623 1065 725 1126 librum
739 1067 936 1127 Mutationem
949 1065 1103 1127 illustravit
1114 1093 1123 1146 3
1143 1070 1199 1128 oda
1211 1069 1277 1128 tche
1290 1070 1357 1155 hino
1368 1069 1424 1130 huc
1437 1075 1575 1150 temporie

310 1181 432 1242 refertur
447 1204 455 1242 r
475 1188 540 1260 post
554 1180 707 1253 biennium,
720 1178 862 1242 horrende
874 1190 940 1241 orta
952 1186 996 1238 est
1014 1180 1085 1240 coeli
1099 1189 1271 1261 tempestas3
1287 1183 1399 1261 juvenis
1417 1186 1575 1264 imperator

311 1293 467 1355 archivium
486 1293 617 1367 consulit,
642 1310 728 1352 aurea
743 1293 831 1355 fascia
846 1295 1030 1373 obsignatum
1049 1271 1091 1357 Ω
1110 1275 1175 1370 lb,
1197 1315 1254 1372 quo
1275 1299 1479 1375 imperatorum
1495 1301 1576 1358 inter

310 1407 491 1469 calamitates
505 1414 572 1467 acta
584 1407 787 1485 servabantur3
802 1428 835 1468 eo
851 1408 967 1469 Tcheou
982 1410 1051 1467 Dur
1065 1407 1218 1469 termulam
1230 1411 1402 1484 condiderat,
1417 1431 1476 1488 qua
1488 1430 1575 1473 suam

311 1523 402 1581 vitam
410 1542 461 1601 pro
470 1523 558 1581 fratre
567 1522 738 1597 devoveret3
752 1529 786 1579 ut
795 1541 858 1580 eam
868 1524 1022 1600 imperator
1031 1522 1159 1597 offendit,
1175 1524 1368 1593 innocentiam
1379 1528 1471 1604 patrui
1483 1546 1575 1604 agno·

310 1635 380 1712 eoit3
400 1642 523 1707 revocat,
536 1634 666 1706 occurrit,
681 1633 802 1693 honores
810 1636 944 1708 restituit,
959 1644 989 1694 et
996 1634 1074 1695 coelo
1082 1637 1219 1696 serenitas
1229 1639 1367 1714 terrisque
1376 1639 1573 1715 tranquillitas

309 1748 422 1807 reddita
433 1756 486 1808 est.
501 1745 560 1806 Vix
576 1744 692 1807 Tcheou
708 1747 776 1805 Dux
789 1748 919 1821 redierat,
934 1767 998 1808 cum
1009 1760 1068 1807 tres
1080 1746 1182 1808 fratres
1195 1758 1225 1809 et
1247 1749 1291 1809 Ου
1305 1751 1384 1829 lreng
1397 1754 1427 1812 in
1442 1760 1574 1830 apertam

308 1860 490 1921 rebellionem
504 1867 663 1937 eruperunt
679 1859 724 1919 Ou
735 1861 813 1938 lreng
825 1863 911 1920 morti
921 1863 1035 1935 tradito,
1047 1858 1112 1922 Wei
1121 1869 1165 1921 tse
1178 1862 1324 1937 sufficitur,
1335 1883 1480 1944 regnoque
1490 1866 1575 1944 Song

311 1947 352 2036 ἦ
366 1992 442 2034 nuno
455 1953 497 2032 iffi
511 1947 606 2039 Μ
621 1973 760 2051 donatum
777 1973 862 2034 Koan
873 1973 946 2033 chon
956 1974 1117 2044 demoritur,
1138 1960 1218 2035 T‘sei
1231 1976 1305 2036 chou
1318 1987 1454 2057 perpetuo
1468 1980 1573 2039 carceri

308 2089 494 2166 mancipatur,
506 2088 555 2147 He
564 2085 636 2145 cheu
647 2087 789 2164 dignitate
799 2107 850 2166 per
861 2089 1014 2148 triennium
1028 2087 1190 2165 abrogatur.
1203 2087 1326 2167 Legatio
1336 2092 1366 2150 fir
1377 2112 1395 2151 a
1405 2092 1575 2152 Gochinchi-

307 2221 355 2275 rra,
370 2209 400 2260 et
415 2201 532 2260 Teheou
547 2201 616 2260 Dux
629 2202 822 2277 magneticum
836 2202 955 2262 indicem
979 2204 1016 2263 ad
1029 2200 1150 2260 reditum
1163 2202 1341 2280 dirigendum
1354 2204 1458 2283 legatis
1471 2205 1573 2266 donat.

306 2312 429 2374 Moritur
439 2314 555 2375 Tcheou
571 2315 640 2373 Dux
658 2315 837 2375 centenarius
847 2323 877 2374 et
886 2316 966 2392 regie
978 2312 1125 2393 sepulture
1133 2314 1299 2378 honoratur.
1311 2318 1432 2378 Moritur
1442 2304 1575 2397 T‘cheng

307 2446 394 2505 weng
403 2435 468 2506 poet
478 2427 516 2488 37
527 2428 609 2506 regui
619 2447 725 2504 ann0s3
738 2430 861 2488 succedit
870 2427 944 2488 illius
959 2416 1058 2512 K‘ang
1066 2447 1159 2506 weng,
1169 2430 1223 2489 sub
1236 2449 1293 2507 quo
1303 2439 1389 2491 tante
1397 2451 1455 2511 pax
1465 2441 1495 2490 et
1504 2452 1575 2491 corr·

306 2540 409 2615 cordie,
418 2549 452 2600 ut
463 2540 652 2619 agriculturae
665 2547 733 2602 curo
747 2541 828 2601 Chao
841 2517 878 2597 fl
895 2542 967 2600 Duci
977 2542 1134 2615 commissa,
1145 2545 1324 2603 eearceribus
1335 2546 1371 2605 ad
1385 2564 1468 2623 egros
1479 2543 1575 2606 colen·

305 2655 358 2714 doe
373 2654 466 2714 emissi
480 2673 519 2714 ex
531 2662 615 2733 pacto
625 2674 724 2714 omnes
737 2655 775 2713 ad
788 2652 900 2714 vhrcula
918 2656 1051 2715 redirent.
1067 2656 1201 2715 Decimus
1212 2658 1365 2734 imperator
1378 2658 1415 2717 Li
1429 2678 1515 2736 weng
1528 2640 1571 2723 Ε

309 2748 350 2830 Ξ
360 2810 368 2840 ,
378 2767 492 2827 feritate
506 2767 640 2828 celebria:
654 2768 765 2843 argenti
780 2768 887 2841 avidus,
897 2769 1032 2829 audacem
1046 2769 1198 2844 quemdam
1211 2768 1299 2847 Yong
1311 2771 1411 2849 ilrong
1422 2746 1464 2831 ἦ
1475 2753 1515 2835 ἦ
1530 2747 1574 2828 dl

305 2881 401 2941 domui
412 2900 481 2940 suae
490 2856 696 2960 praesoridllll
706 2855 912 2960 ffilrpopulus
925 2882 1133 2959 emungebatur
1148 2890 1233 2957 totus,
1242 2891 1375 2961 totusque
1389 2890 1433 2944 est
1442 2881 1576 2961 indigue-

305 3002 370 3057 tus:
385 2994 467 3054 Chao
477 2994 557 3073 kong
570 2995 697 3054 minister
710 3010 805 3071 regem
817 2995 972 3069 admonuit,
983 2997 1033 3073 qui
1045 2997 1077 3055 iu
1087 2995 1174 3056 suriae
1191 3004 1272 3055 actus
1285 2997 1390 3058 multoe
1399 2998 1462 3056 neci
1475 2998 1573 3058 dedit:

304 3105 426 3187 populus
435 3116 632 3167 consternatus
648 3125 699 3184 per
707 3108 863 3168 triennium
872 3107 957 3169 silens
967 3110 1007 3170 ire
1017 3110 1100 3183 viem,
1111 3110 1225 3171 demum
1235 3108 1375 3188 expellere
1384 3130 1488 3188 regem,
1499 3110 1575 3188 ejus·

305 3239 361 3298 que
370 3221 456 3283 filium
467 3221 632 3283 admortem
641 3221 813 3297 conquirere,
822 3230 855 3281 ut
862 3240 950 3282 exose
960 3224 1108 3301 progenies
1117 3222 1265 3284 deleretur.
1277 3223 1358 3282 Chao
1367 3224 1447 3300 kong
1462 3225 1574 3302 propri-

305 3352 356 3393 um
368 3333 464 3407 filium,
478 3332 539 3395 loco
552 3336 631 3411 regii,
642 3333 773 3412 populari
785 3334 873 3396 furori
888 3337 1028 3413 permittit
1042 3359 1050 3394 ι
1063 3335 1099 3394 Li
1109 3356 1195 3413 weng
1207 3338 1420 3413 quotuordecim
1435 3356 1526 3397 annos
1539 3337 1573 3398 iu

305 3466 394 3525 reguo
409 3435 471 3508 T‘si
483 3447 626 3507 exulavit:
641 3454 710 3505 tnnc
722 3448 915 3526 interregnum
931 3447 1067 3526 Kongho
1079 3422 1121 3505 ἕξ
1134 3430 1172 3509 bl
1188 3451 1302 3523 dietum,
1314 3467 1369 3526 quo
1384 3451 1441 3511 duo
1450 3450 1575 3511 ministri

307 3559 425 3621 Teheou
439 3541 567 3637 tongld
583 3538 624 3620 &l
634 3568 664 3621 et
674 3559 756 3619 Chao
765 3542 891 3639 kongli
909 3544 968 3635 dl,
984 3562 1165 3639 antiquorum
1179 3572 1352 3624 summatum
1366 3572 1492 3642 nepotes,
1510 3581 1573 3624 rem

305 3671 448 3753 publicam
462 3674 680 3751 capessiverunt
697 3673 747 3748 Hi,
762 3674 854 3735 exulis
868 3684 984 3753 accepta
997 3683 1099 3749 morte,
1113 3676 1174 3754 ejus
1186 3676 1273 3736 filium
1286 3697 1320 3737 eo
1335 3694 1424 3753 usque
1443 3678 1473 3736 in
1488 3676 1573 3737 Chao

305 3786 386 3864 kong
401 3786 486 3849 domo
507 3787 680 3860 latitantem,
696 3788 813 3867 imperio
828 3789 1030 3867 praefecerunt.
1047 3788 1136 3849 Siuen
1147 3809 1231 3867 weng
1244 3766 1286 3852 Ξ
1298 3770 1338 3848 Ξ
1352 3790 1439 3863 isset,
1448 3791 1499 3866 qui
1512 3797 1573 3849 ste·

306 3901 362 3971 tim
374 3909 475 3960 contra
488 3900 618 3959 occiduos
631 3900 812 3979 horealesque
826 3910 952 3962 tartaros
966 3922 1045 3963 arma
1058 3903 1157 3977 movit,
1174 3910 1312 3980 auctoque
1327 3890 1408 3962 T‘sin
1421 3879 1571 3980 ssregno,

307 4013 384 4089 quod
398 4012 467 4072 olim
481 4015 560 4075 Hiao
574 4034 660 4091 weng
675 3989 717 4079 ἕ
731 3995 771 4073 Ξ
794 4017 965 4093 insigniere
979 4017 1095 4093 equario
1116 4015 1170 4076 Fei
1182 4026 1225 4077 tae
1239 3997 1282 4082 dl?
1302 3993 1341 4077 ³?
1355 4017 1431 4075 dono
1446 4016 1572 4091 dederat,

307 4124 379 4186 illud
398 4126 570 4187 babarorum
585 4126 686 4187 victori
700 4127 840 4209 Tchoang
858 4130 938 4207 kong
951 4106 996 4193 ill:
1010 4109 1050 4191 &l
1072 4131 1234 4208 designavit
1251 4151 1260 4189 c
1277 4130 1347 4189 haec
1359 4130 1437 4189 there
1450 4138 1573 4206 quartae

307 4240 459 4315 dynastiae
479 4241 660 4302 incunabula.
684 4239 725 4300 At
738 4244 888 4320 postremis
901 4243 993 4316 annis,
1017 4244 1106 4303 Siuen
1119 4263 1206 4321 παυς
1218 4244 1383 4321 dynastiam
1395 4262 1455 4301 non
1468 4261 1573 4321 pamm

307 4352 536 4415 convulneravit:
556 4356 679 4434 perdidit
690 4363 787 4416 autem
797 4374 910 4436 prorsus
920 4357 979 4436 ejue
988 4355 1059 4416 filius
1072 4354 1154 4417 Yeou
1167 4376 1255 4436 weng
1269 4333 1307 4419 Μ
1328 4338 1387 4418 Ξ.
1404 4355 1460 4426 Qui
1473 4357 1573 4416 minis·

308 4472 385 4526 trum
394 4468 449 4528 eibi
461 4469 548 4547 elegit
557 4471 684 4546 iniquum
698 4469 746 4529 Yn
755 4470 807 4530 che
822 4449 864 4534 ῗ
875 4453 917 4532 ffi
930 4516 937 4544 ,
951 4479 1143 4547 contraqnem
1152 4472 1285 4532 carminis
1299 4470 1384 4529 odam
1398 4469 1458 4529 Kia
1467 4470 1516 4529 fou
1528 4446 1572 4529 ἶ

310 4556 350 4637 ll
366 4585 531 4659 composuit,
546 4590 576 4642 et
587 4582 716 4661 pellicem
729 4582 790 4642 Pac
800 4604 831 4644 se
847 4563 890 4648 U
904 4563 945 4649 ω
961 4628 970 4659 ,
984 4603 1072 4661 quam
1086 4583 1147 4643 Pao
1161 4585 1235 4651 cives
1248 4585 1276 4643 ei
1287 4582 1486 4654 submiserant,
1508 4590 1572 4641 tam

308 4695 418 4774 perdite
439 4695 585 4774 deperivit,
610 4705 643 4756 ut
661 4694 821 4774 legitimum
842 4697 994 4759 haeredem
1004 4698 1026 4756 -Ι
1039 4695 1121 4757 hieou
1136 4677 1179 4760 fi
1198 4673 1236 4757 H
1251 4696 1367 4775 ejusque
1386 4703 1507 4756 matrem
1532 4671 1569 4755 Ψ
