3554 5642
550 471 646 517 eaeor
667 472 817 516 mertuum
829 489 870 501 -
882 472 956 515 retra
976 471 1067 515 rurore
1383 460 1440 517 603

230 585 262 650 9.
285 585 431 649 llenlsius
451 586 633 665 compellans
648 585 730 666 Song
745 584 822 649 keou
837 584 927 649 t‘sien
942 585 984 649 ait
996 604 1003 647 :
1017 585 1147 661 domine,
1164 599 1286 648 amasne
1301 601 1438 650 excurre·

174 714 205 763 re
228 695 294 782 (tlt
323 714 382 781 ego
404 698 538 762 indicabo
560 698 613 762 tibi
634 698 810 762 excurrendi
835 699 966 762 modum.
1001 697 1031 762 Si
1049 697 1101 761 alii
1123 705 1151 762 te
1172 700 1387 774 anscultant‚et
1406 706 1439 761 tu

172 819 331 876 contentus
346 812 388 874 sis
406 831 413 874 :
432 812 458 874 si
473 811 523 874 alii
537 827 597 875 non
612 812 792 886 auscultant,
819 827 913 890 aeque
937 816 1095 875 contentus
1109 811 1160 874 sis
1190 808 1239 873 bit
1256 831 1264 874 :
1283 810 1352 891 quid
1368 827 1439 875 vero

172 933 206 988 nt
215 925 327 1004 possim
339 940 405 989 esse
416 930 588 990 contentus?
609 924 713 988 Subdit
725 944 732 988 :
746 925 771 987 si
782 926 911 988 honores
927 925 1067 988 uirtutem
1078 930 1109 987 et
1119 924 1274 989 delecteris
1288 924 1437 1004 equitate,

172 1046 244 1103 tunc
261 1038 371 1118 poteris
385 1054 451 1102 esse
467 1044 635 1102 contentus.
662 1037 732 1101 Ideo
753 1038 915 1117 sapientiae
936 1039 1076 1101 alumnus
1097 1037 1260 1101 bonoribus
1281 1037 1440 1102 destitutus

172 1168 228 1216 nec
242 1152 353 1216 deserit
366 1151 548 1231 equitatem,
570 1156 725 1230 promotus
739 1166 795 1215 nec
810 1151 921 1215 recedit
935 1166 953 1213 a
969 1158 1071 1215 recto:
1088 1152 1246 1214 destitutus
1261 1167 1316 1215 nee
1330 1151 1440 1215 deserit

171 1265 353 1344 aequitatem,
377 1265 443 1329 ideo
465 1264 583 1343 sapiens
609 1263 739 1343 possidet
763 1265 910 1343 seipsnm3
938 1270 1092 1343 promotus
1112 1280 1167 1328 nec
1187 1264 1296 1328 recedit
1311 1279 1328 1327 a
1344 1271 1437 1341 recto,

171 1377 238 1442 ideo
258 1378 384 1457 populus
398 1393 458 1442 non
475 1377 636 1441 frustratur
657 1393 719 1456 spe.
749 1376 941 1457 antiquitatis
957 1376 1013 1440 viri
1029 1385 1181 1456 compotes
1201 1377 1274 1453 voti,
1299 1377 1440 1441 beneficia

171 1490 364 1554 conterebant
387 1490 417 1553 in
443 1491 602 1570 populum;
628 1490 755 1569 impotes
775 1490 845 1567 voti,
875 1491 1049 1555 excolebant
1073 1490 1186 1570 seipsos
1211 1489 1439 1555 coruscaturiin

171 1605 281 1669 saeculo
292 1604 516 1669 :delitescentes
531 1604 662 1683 quidem,
675 1604 755 1668 solos
770 1604 972 1669 reformabant
986 1603 1111 1683 seipsos,
1127 1604 1358 1669 inclarescentes
1368 1620 1440 1669 uero

171 1717 260 1780 simul
278 1717 480 1782 reformabant
495 1715 665 1797 imperium.

230 1832 282 1895 10.
307 1830 451 1895 Mentsius
463 1831 505 1894 ait
518 1847 527 1894 ε
539 1831 590 1910 qui
604 1838 761 1909 expectant
775 1833 852 1896 Wen
868 1846 970 1913 regern
982 1831 1130 1895 utdeinde
1145 1820 1317 1913 assurgant,
1333 1832 1438 1914 tulga·

170 1959 219 2007 res
235 1944 371 2009 bomincs
386 1951 456 2007 sunt
470 1964 477 2007 ε
491 1944 587 2023 quoad
604 1959 674 2009 vero
687 1945 821 2027 insignes
836 1946 1108 2024 praecellentesquc
1124 1946 1216 2022 viros,
1233 1945 1302 2009 lieet
1317 1944 1439 2010 absente

170 2058 250 2122 Wen
268 2073 351 2140 rege,
368 2057 459 2121 etiam
475 2062 648 2140 assurgunt.

230 2172 282 2235 ll.
306 2170 451 2235 lientsius
465 2172 508 2234 ait
519 2190 527 2233 :
540 2178 645 2235 anetus
655 2172 692 2236 dc
706 2171 771 2235 llan
786 2171 886 2237 etWei
897 2169 939 2257 (i)
952 2171 1080 2249 familiis,
1097 2172 1122 2234 si
1132 2172 1158 2235 is
1168 2173 1299 2251 seipsum
1315 2171 1440 2252 aspiciat

168 2283 384 2360 indifferenter,
402 2291 473 2348 tunc
487 2290 606 2365 superat
623 2285 697 2350 alios
713 2286 813 2367 longe.

229 2397 281 2461 tr.
306 2397 450 2461 ldentsius
464 2399 505 2461 ait
517 2417 524 2459 :
538 2413 606 2462 cum
622 2401 770 2464 mulcente
786 2399 931 2481 regimine
946 2414 1070 2464 onerare
1085 2398 1240 2479 populum,
1258 2398 1328 2462 licet
1343 2399 1437 2463 delas·

168 2518 265 2587 setur,
284 2526 343 2576 uon
358 2511 563 2575 succensebit:
577 2528 645 2575 eum
661 2512 743 2574 uitali
759 2512 904 2594 regimine
919 2512 1052 2576 occidere
1068 2513 1222 2592 populum,
1245 2513 1315 2576 licet
1330 2513 1437 2576 moria-

169 2630 231 2701 tur,
251 2641 309 2689 non
325 2624 511 2689 succensebit
526 2624 680 2690 occidenti.

229 2738 700 2802 13.l1entsiusatt:arcnontis
724 2740 851 2819 populus
875 2739 1018 2804 adscitam
1042 2739 1184 2804 laetitiam
1208 2738 1338 2820 praefert
1361 2735 1403 2823 (3)
1427 2759 1435 2804 :

167 2851 346 2932 imperantis
365 2852 492 2930 populus
507 2852 586 2916 ultro
601 2858 758 2916 contentus
779 2860 918 2932 apparet;
940 2853 1083 2917 occiditur
1099 2853 1170 2934 quin
1186 2860 1370 2928 succenseat,
1388 2852 1437 2916 be·

168 2964 276 3029 reticio
297 2964 423 3028 allicitur
442 2964 513 3044 quin
534 2965 641 3029 merito
662 2973 758 3030 vertat
776 2964 835 3049 (lb
855 2968 982 3045 populus
995 2966 1027 3029 in
1042 2967 1121 3031 diem
1136 2973 1269 3030 mutatur
1284 2966 1315 3028 in
1330 2966 1438 3030 melius

168 3079 242 3156 quin
258 3077 406 3142 sentiatid
417 3083 598 3157 operantem.
624 3078 821 3159 sapiensque
832 3080 992 3159 pertransit
1006 3080 1083 3157 loca,
1101 3080 1254 3155 reformat,
1272 3079 1379 3159 quibus
1393 3079 1436 3141 in·

168 3191 266 3256 tendit
280 3207 341 3266 res,
359 3193 433 3255 mire
448 3191 573 3270 perlicit,
598 3207 716 3255 sursum
733 3192 872 3257 deorsum
888 3209 956 3257 cnm
971 3193 1047 3258 celo
1063 3200 1200 3273 terraque
1216 3192 1304 3256 simul
1319 3190 1434 3262 inllnit;

167 3305 220 3383 pul
237 3304 352 3368 dicetur
367 3320 457 3385 parre
473 3320 611 3383 reparare
627 3320 675 3368 res
692 3302 756 3390 (5)?

230 3419 280 3482 tl.
305 3418 501 3482 Mentsinsait
513 3438 520 3480 :
534 3418 710 3482 humaniora
721 3419 810 3484 verba
821 3420 968 3513 nonusicut
978 3419 1171 3483 humanitatis
1186 3419 1265 3483 lama
1280 3424 1437 3499 penetrant

167 3531 307 3596 bomines
332 3531 485 3610 profunde.
519 3532 617 3596 Bonae
639 3533 723 3615 leges
738 3550 796 3598 non
813 3535 890 3597 sicut
905 3534 981 3597 bona
1002 3533 1178 3597 documenta
1200 3533 1255 3596 sibi
1277 3533 1436 3597 conciliant

207 3900 255 3979 (1)
276 3910 306 3969 Is
319 3908 431 3986 eloquio
444 3908 578 3987 pollebat,
592 3930 682 3986 eoque
695 3910 773 3988 apud
784 3911 924 3989 principes
937 3912 981 3970 uti
992 3911 1132 3988 cupiebat.

209 4012 256 4093 (2)
275 4021 483 4082 Potentissimis
496 4023 578 4099 regni
592 4023 663 4083 Tein
677 4001 747 4093 (ff)
760 4025 952 4083 ministrorum
967 4022 1090 4083 familie.

208 4124 256 4203 (3)
275 4107 319 4198 ffi
334 4110 375 4198 ff
390 4135 466 4195 idem
481 4154 514 4194 ao
528 4109 571 4197 n
586 4109 644 4208 ᾗ,
660 4136 831 4196 adscititiam
844 4136 892 4195 hic
904 4136 1035 4196 lautitiam
1052 4137 1195 4216 exprimit.

208 4241 255 4321 (4)
275 4246 325 4308 Fit
347 4248 450 4308 occisio
465 4249 503 4309 ad
517 4249 606 4309 malua
630 4249 835 4326 exmrbandou3
855 4249 997 4309 confertur
1020 4250 1184 4310 beneficium
1198 4270 1248 4329 per
1261 4249 1434 4309 ordinariam

165 4362 304 4442 sapientia
329 4362 584 4423 administrationis
598 4362 674 4421 viam
688 4386 697 4427 t
712 4364 776 4423 ideo
790 4362 891 4422 occisio
907 4382 965 4421 non
980 4381 1055 4441 aegre
1075 4362 1172 4436 fertur,
1196 4361 1361 4423 beneficium
1374 4382 1433 4423 non

170 4476 415 4536 animadvertitur.

209 4579 255 4657 (5)
275 4588 401 4651 Medicas
415 4606 507 4649 remm
521 4588 708 4667 collapsarum
732 4589 931 4668 reparationes,
956 4587 1106 4649 archontes
1119 4588 1252 4650 adhibere
1264 4588 1365 4649 colent.
1391 4565 1441 4651 ᾗ
1472 4634 1478 4643 .

170 4704 266 4764 animo
279 4705 419 4777 mnsiatit,
433 4677 476 4763 ᾗ
491 4704 533 4763 uti
546 4704 662 4782 spiritns
675 4704 737 4783 egit
748 4704 778 4762 in
793 4701 872 4763 elios.
