3672 5690
705 529 793 572 urere
820 528 1026 580 mensurans
1440 514 1501 575 203

226 647 292 706 tres
306 656 407 725 reges,
431 658 487 708 nee
499 648 598 707 tamen
611 641 779 707 inuenietur
793 641 936 707 aberrans
953 661 961 720 ;
978 642 1139 708 constituta
1154 658 1255 708 eoram
1269 645 1346 709 eoele
1360 650 1391 709 et
1404 651 1498 721 terre,

226 772 368 820 necuere
382 756 550 820 inuenietur
564 755 713 821 contraria
730 773 739 833 ;
755 756 780 818 si
794 756 998 821 testimonium
1013 762 1170 836 quaereret
1184 772 1201 819 a
1216 757 1380 836 spiritibus,
1401 759 1501 822 adbee

225 885 287 934 non
311 868 535 951 ambigeretur3
551 876 582 934 et
602 869 629 933 si
649 875 768 933 centem
793 877 895 934 essent
919 870 1037 935 saecula
1061 870 1097 934 ad
1120 870 1335 949 expectandum
1361 878 1499 936 sanctem

225 982 337 1059 virum,
354 998 451 1061 neque
466 988 536 1046 tune
549 983 781 1047 contunderetur
792 984 851 1061 (1).
877 982 907 1046 Si
923 981 1124 1047 testimenium
1139 997 1286 1062 quaerens
1299 999 1316 1046 a
1331 984 1495 1063 spiritibus,

225 1110 285 1159 non
300 1103 425 1161 vocatur
439 1095 470 1158 in
483 1095 618 1172 dubium,
633 1096 788 1176 cognoscit
800 1095 869 1161 eoeli
884 1095 1002 1178 legem3
1020 1096 1179 1161 sirenmm
1193 1096 1310 1161 saeeulis
1324 1104 1498 1177 expectatus

224 1216 359 1285 sanetus,
384 1224 442 1273 non
457 1214 566 1291 arguet
579 1209 701 1285 erroris,
726 1209 880 1292 cognoscit
894 1210 1024 1273 beminis
1039 1210 1148 1291 legem.
1174 1210 1236 1273 Hae
1249 1210 1285 1273 de
1299 1227 1401 1286 eausa,
1417 1210 1496 1291 sapi·

223 1322 302 1386 entis
327 1323 409 1404 regis
431 1322 505 1398 rita,
534 1323 678 1387 secularis
701 1323 758 1386 erit
782 1321 900 1402 imperii
924 1323 1053 1404 regula3
1076 1323 1219 1398 actiones,
1242 1322 1273 1385 in
1287 1325 1497 1405 generationes

223 1442 313 1499 erunt
326 1434 443 1515 imperii
467 1436 526 1511 lex,
542 1442 573 1500 et
586 1435 689 1511 rerba,
705 1434 737 1499 in
751 1437 869 1500 saecula
890 1442 979 1500 erunt
1002 1435 1119 1515 imperii
1141 1450 1246 1500 norma
1263 1456 1271 1499 ε
1289 1438 1395 1502 remoti
1408 1437 1446 1500 ab
1459 1452 1497 1501 eo

223 1548 343 1628 quidem
358 1519 509 1613 babebeiut
523 1549 587 1627 ejes
601 1548 791 1625 desiderium,
807 1549 961 1630 propiores
975 1549 1003 1613 ei
1017 1564 1088 1613 uero
1102 1565 1161 1612 non
1176 1548 1337 1614 fastidient.
1368 1551 1496 1614 Carmen

225 1659 298 1746 (IV.
317 1659 389 1745 13.)
405 1662 470 1725 ait:
492 1668 554 1725 «et
567 1659 640 1737 illie,
667 1662 746 1725 baud
769 1662 836 1727 odio
860 1662 1029 1739 habentem
1045 1670 1075 1727 et
1090 1662 1150 1739 blo,
1177 1662 1256 1726 baud
1280 1663 1493 1741 fastidientem

222 1779 258 1838 ut
272 1781 427 1855 pemplato
441 1776 488 1839 die
502 1782 663 1854 noctuque,
679 1774 708 1838 in
723 1775 937 1855 sempiternum
965 1783 1145 1855 perennetur
1168 1774 1261 1838 laus»
1282 1774 1338 1860 (2).
1369 1776 1495 1856 Sapiens

222 1889 360 1969 prieoeps
375 1889 507 1954 neodem
522 1888 587 1965 leit,
603 1888 665 1968 qui,
681 1888 739 1951 nisi
752 1889 810 1953 boe
822 1890 922 1965 modo,
939 1896 1056 1953 mature
1071 1888 1207 1954 babuerit
1229 1888 1340 1954 lamam
1354 1890 1385 1955 in
1399 1892 1492 1970 impe·

222 2002 281 2066 rio.

263 2116 316 2179 30.
341 2115 499 2180 donleeius
512 2114 694 2179 haereditate
707 2115 798 2179 edidit
811 2114 876 2179 Yao
890 2121 921 2179 et
934 2116 1046 2191 choen,
1065 2114 1229 2179 imitatione
1243 2117 1390 2196 expressit
1412 2118 1493 2182 Wen

220 2234 253 2292 et
265 2227 309 2292 0u
325 2243 334 2305 ;
350 2246 471 2293 sursum
492 2230 659 2293 aemulatus
677 2228 745 2292 coeli
766 2235 911 2307 tempora,
939 2229 1076 2293 deorsum
1100 2228 1233 2293 imitatus
1256 2246 1365 2310 aquam
1386 2236 1416 2294 et
1435 2232 1492 2294 bu·

221 2358 302 2406 mern
319 2339 375 2426 (3).
412 2342 485 2406 Erat
505 2344 581 2407 sieut
604 2342 714 2407 eoelum
727 2348 758 2405 et
778 2347 857 2405 terra
879 2341 921 2406 nil
935 2358 994 2406 non
1019 2348 1192 2406 sustentans
1211 2350 1241 2406 et
1256 2344 1422 2419 continens,
1448 2343 1492 2406 nil

219 2470 278 2519 nen
303 2462 413 2538 tegens
426 2462 456 2519 et
469 2455 604 2520 ambiens
619 2475 626 2518 ε
643 2461 708 2520 erat
728 2455 804 2519 sieut
827 2461 954 2535 quatuor
978 2461 1112 2535 tempora
1136 2456 1251 2521 alterne
1275 2456 1489 2537 procedentia3

219 2568 294 2632 sieut
314 2569 360 2633 sel
383 2576 415 2633 et
437 2570 508 2633 luna
531 2568 642 2633 uerna
662 2568 727 2632 viee
749 2568 952 2632 illuminantes
967 2565 1022 2651 (4).
1054 2568 1165 2633 Ornnes
1189 2588 1237 2635 res
1255 2571 1344 2633 dmul
1368 2569 1492 2633 aluntur

216 2682 285 2763 quin
301 2682 434 2747 inuicem
449 2682 504 2746 sibi
519 2688 656 2759 noceant,
682 2696 787 2745 eurses
801 2681 890 2746 simul
904 2688 1035 2763 aguntur
1049 2683 1120 2762 quin
1136 2691 1239 2749 metuo
1264 2683 1488 2763 perturbentur,

253 3263 300 3341 (l)
323 3247 386 3345 Ξ,
409 3252 516 3334 scilieet
528 3273 609 3345 ritus,
630 3272 750 3349 regulas,
764 3273 894 3336 litteras:
907 3253 948 3337 ist
961 3317 968 3347 ,
982 3276 1086 3337 nerias
1098 3276 1129 3335 iu
1142 3275 1240 3337 sooiali
1264 3277 1344 3336 vita:
1359 3249 1416 3347 il,
1430 3275 1490 3335 tria

214 3383 264 3445 illa
277 3407 296 3445 a
310 3386 453 3465 prioribus
474 3387 587 3464 regibus
606 3386 756 3463 instituta3
773 3362 831 3459 i,
853 3407 888 3447 ea
901 3388 963 3466 ipsa
975 3407 993 3446 a
1006 3390 1117 3467 privato
1130 3390 1259 3467 sapiente
1272 3389 1411 3449 condita:
1427 3363 1488 3460 it,

214 3499 289 3557 ratio
302 3500 400 3576 quoad
414 3498 465 3559 illa
477 3500 555 3560 trias
575 3481 632 3572 ss,
654 3503 789 3577 snpponit
799 3501 931 3562 virtutem
945 3500 976 3560 iu
989 3520 1056 3580 rege
1070 3522 1078 3562 ε
1090 3502 1227 3581 probatur
1244 3503 1276 3562 in
1287 3499 1400 3580 populo,
1420 3519 1488 3562 eum

216 3610 368 3672 erratura
388 3613 491 3692 probat
503 3621 532 3672 st
544 3622 639 3674 servat
660 3633 668 3671 a
690 3620 749 3673 tres
773 3631 853 3693 reges
874 3621 943 3675 sunt
965 3614 1054 3674 trium
1076 3615 1273 3692 dynastiamm
1296 3615 1486 3674 fundatores:

215 3723 281 3783 coeli
293 3732 442 3803 terraeque,
465 3727 623 3804 spirituum,
638 3736 668 3787 et
681 3725 725 3786 rel
737 3728 918 3787 remotissimi
930 3728 1020 3789 saneti
1035 3727 1211 3807 approbatio,
1226 3728 1386 3806 signifioant
1398 3735 1486 3788 reotae

214 3837 323 3897 radoni
335 3840 553 3917 congruitatem.

256 3941 302 4022 (2)
326 3926 368 4013 fi
381 3962 465 4012 sonat
477 3932 538 4026 ᾖ,
551 3952 688 4013 fastidire.
709 3931 752 4018 ἓ
771 3929 827 4028 st,
849 3956 897 4013 vie
909 3953 990 4028 ebert,
1004 3959 1085 4032 sorte
1096 3961 1224 4033 fortene
1239 3957 1385 4032 coadapst,
1405 3972 1486 4034 ερειιι

212 4063 352 4141 exprimit
366 4074 453 4143 atque
466 4074 572 4126 votem.
1406 4074 1410 4080 ’

255 4169 302 4239 rut
320 4156 443 4241 iliae
455 4178 509 4239 etr
529 4197 607 4252 evoe,
630 4179 905 4256 quorsumnam,
919 4179 1129 4241 eremesa
1150 4181 1278 4259 saepe,
1293 4154 1335 4243 fi
1348 4180 1417 4241 seer
1429 4179 1485 4241 ser

212 4289 399 4369 exemplaria,
413 4293 507 4368 qnoed
519 4291 640 4370 regulas,
659 4302 689 4352 et
700 4293 846 4370 splendide
860 4292 1017 4372 expressit:
1037 4273 1076 4357 ἦ
1091 4268 1149 4368 iii,
1173 4293 1238 4356 eoeli
1252 4291 1420 4371 aequabilem
1434 4311 1485 4352 ra-

210 4404 387 4483 riationem3
405 4380 446 4467 7i<
462 4382 521 4480 lit,
534 4414 616 4465 terrae
632 4412 812 4466 constantem
824 4414 961 4467 tenorem.
986 4406 1053 4467 Hne
1067 4426 1156 4485 nsque
1168 4408 1204 4468 ds
1221 4407 1351 4467 Confumi
1364 4405 1484 4465 seientia

209 4518 319 4597 agitur.

252 4623 297 4702 (ll
320 4607 363 4694 ff
375 4641 462 4694 sonat
475 4607 536 4709 Ι,
548 4633 650 4711 etjam
663 4632 699 4694 de
714 4635 820 4694 vitute
831 4631 862 4692 dt
875 4655 976 4710 emme,
987 4654 1051 4713 quae
1065 4635 1125 4696 sine
1138 4635 1290 4696 emissione
1303 4640 1393 4703 vasta,
1406 4651 1483 4691 oom-

208 4756 330 4826 paratur
343 4746 417 4809 eoele
427 4754 556 4822 etterroe,
565 4720 628 4808 sine
638 4748 844 4808 intermissione
855 4749 962 4822 leoena,
973 4759 1153 4829 eomparatur
1162 4746 1336 4828 temporibus
1347 4752 1378 4805 et
1387 4718 1480 4805 astris.
