3524 5652
560 485 658 530 esem
678 484 951 529 suerrum-esne
972 485 1135 528 eosrsmoa
1425 469 1487 529 189

209 598 252 665 nil
268 601 465 677 comedisset,
484 616 577 665 aures
591 599 785 680 privabantur
800 599 911 677 auditu,
932 600 1010 664 oculi
1026 599 1220 679 privabantur
1235 599 1300 663 risu
1310 620 1318 663 ε
1329 615 1419 680 supra
1432 617 1486 681 pu·

211 722 294 778 teum
310 722 379 779 erut
395 730 522 794 prunus,
545 721 575 778 et
591 713 701 777 vermis
716 720 852 778 eueserat
872 714 1002 778 fructum
1024 715 1103 777 ultro
1122 713 1277 778 dimidium
1290 713 1369 794 jam;
1387 721 1485 794 repte-

211 827 332 891 bundus
355 827 493 905 accessit,
520 828 625 893 rolens
655 827 810 891 comedere
834 826 936 903 illum;
965 835 1011 892 ter
1031 826 1200 909 deglutivit,
1224 834 1254 892 et
1273 827 1379 892 deinde
1403 827 1486 890 auris

212 940 318 1005 hsbnit
339 941 487 1017 ruditum,
514 941 677 1020 oculusque
699 939 803 1004 habuit
824 939 933 1004 visurn.
964 940 1108 1006 llentsins
1127 939 1169 1004 sit
1186 961 1193 1004 :
1211 942 1289 1005 iuter
1310 941 1376 1005 T‘si
1399 939 1486 1024 regni

213 1055 374 1132 litteratos,
391 1071 449 1138 ego
464 1055 550 1120 lucile
565 1069 672 1120 censeo
687 1053 814 1137 Tchoug
829 1060 874 1118 tse
888 1070 955 1118 esse
970 1054 1114 1135 majorem
1130 1054 1269 1138 digitum.
1293 1054 1374 1118 Licet
1384 1062 1485 1119 tamen
1586 1100 1590 1117 .

212 1169 267 1245 itu,
291 1169 419 1251 Tchong
440 1176 485 1232 tsc
506 1170 557 1247 pul
577 1170 656 1231 ralet
676 1182 750 1248 pure
770 1166 921 1231 abstinere
933 1165 997 1253 (tlt
1017 1168 1146 1247 implere
1175 1170 1301 1251 Tchong
1315 1167 1485 1249 pluilosoplri

88 1344 91 1349 ,
213 1283 412 1362 propositum,
429 1282 532 1363 utique
547 1280 711 1345 lumbricus
725 1279 773 1358 sit,
796 1288 827 1345 et
842 1286 913 1344 tuno
928 1282 973 1345 tas
986 1280 1061 1345 illud
1075 1281 1133 1345 erit
1145 1278 1200 1366 (t).
1224 1280 1401 1346 Lumbrieus
1414 1282 1486 1346 hine

213 1394 343 1460 comedit
362 1394 472 1460 siccum
494 1396 629 1472 humum,
658 1393 727 1458 inde
742 1393 815 1458 bibit
830 1396 973 1459 luteciam
994 1410 1103 1475 apuam
1120 1414 1128 1457 ι
1147 1401 1178 1459 at
1192 1397 1319 1478 Tchong
1334 1401 1379 1459 tse
1395 1410 1485 1476 quum

214 1507 329 1573 lrubitat
344 1509 475 1586 domum,
503 1509 580 1573 situe
595 1523 685 1589 quarn
702 1505 741 1571 Pe
756 1508 766 1572 1
781 1509 924 1586 extrusit,
948 1524 986 1572 nu
1002 1523 1074 1573 vero
1089 1507 1180 1573 etium
1196 1510 1272 1573 latro
1288 1509 1370 1573 Tche
1383 1516 1485 1574 extru-

212 1623 258 1686 xit
275 1619 335 1706 (3);
359 1629 390 1686 et
404 1623 484 1701 quod
505 1621 634 1688 comedit
655 1620 782 1685 millium
804 1622 882 1685 sitne
896 1623 975 1702 quod
990 1620 1030 1685 Pe
1045 1621 1055 1685 1
1071 1622 1227 1701 plantavit,
1244 1638 1283 1686 un
1298 1637 1371 1686 vero
1392 1622 1485 1687 etiam

212 1736 291 1817 quod
307 1736 384 1801 lstro
405 1736 488 1802 Tehe
507 1735 665 1816 plautavit,
688 1734 865 1800 iuuandum
885 1735 955 1801 sciri
970 1741 1067 1816 potest
1084 1732 1138 1820 (l).
1160 1735 1211 1800 111
1222 1755 1230 1799 :
1243 1735 1272 1800 id
1288 1735 1358 1816 quid
1372 1734 1485 1802 ollicitt

210 1850 267 1914 Ille
277 1849 403 1929 ipsemet
413 1849 519 1914 interit
529 1850 657 1924 calceos,
669 1854 785 1913 etuxor
796 1853 847 1912 not
857 1849 1026 1924 sennanim,
1043 1848 1151 1928 quibus
1166 1856 1350 1915 commutent
1360 1849 1411 1915 illa
1423 1846 1478 1933 (5).

212 1963 318 2027 subdit
335 1983 343 2026 :
361 1964 488 2047 Tchoug
502 1969 548 2026 tse
563 1978 599 2026 er
615 1962 681 2025 T‘si
697 1961 782 2044 regui
800 1963 983 2040 praelectoris
1000 1962 1110 2027 tanrilla
1126 1970 1170 2027 est
1184 1959 1238 2047 (d).
1263 1963 1433 2027 leuterici
1450 1961 1483 2026 in

210 2076 286 2142 urire
307 2074 490 2141 Recensum
512 2076 602 2140 nabet
623 2077 725 2140 decem
745 2075 827 2139 mille
848 2090 1020 2156 companas.
1047 2076 1228 2142 Existimuns
1243 2075 1345 2141 fratris
1358 2092 1484 2141 censum

210 2206 277 2255 esse
300 2190 434 2269 iniquum
456 2206 592 2266 censum,
616 2189 712 2254 uolsrit
733 2190 904 2265 comedere;
929 2196 960 2254 et
973 2189 1148 2254 existimans
1169 2189 1270 2256 trutris
1285 2190 1405 2254 domum
1422 2206 1483 2255 nou

210 2319 277 2368 esse
299 2320 415 2383 equam
436 2304 567 2379 domum,
595 2302 690 2367 noluit
710 2301 844 2368 laetare
862 2323 869 2365 ε
887 2302 975 2386 fugiit
995 2302 1126 2380 tratrem,
1148 2303 1268 2383 reliquit
1289 2311 1424 2381 matrem,
1452 2312 1483 2369 et

211 2426 414 2482 commoratus
435 2424 482 2481 est
495 2417 527 2481 in
548 2416 593 2482 Ou
609 2417 683 2499 ling.
706 2417 780 2481 (ium
805 2418 863 2481 alia
879 2416 926 2481 die
941 2432 1080 2481 reversus
1098 2425 1186 2495 esset,
1214 2433 1250 2482 en
1268 2417 1323 2480 tuit
1337 2417 1387 2496 qui
1403 2418 1482 2481 douo

210 2530 332 2595 menet
346 2547 401 2595 suo
417 2531 501 2594 lrutri
517 2531 617 2594 virum
639 2544 776 2595 anserem
801 2529 843 2615 (1)
868 2547 876 2593 :
899 2530 962 2610 ipse
990 2537 1144 2594 contracto
1168 2531 1326 2610 supercilio
1348 2531 1390 2594 uit
1406 2550 1414 2594 ε
1433 2531 1482 2595 cui

210 2643 278 2707 usui
293 2642 463 2723 huiusmodi
479 2644 626 2726 glacituus
637 2645 706 2709 tacit
718 2643 782 2728 (832
802 2643 924 2708 Aliadie
934 2644 999 2723 ejus
1010 2651 1105 2709 mater
1118 2643 1225 2709 occidit
1235 2645 1316 2709 huuc
1328 2660 1479 2720 anserem,

211 2774 338 2838 cumque
367 2758 447 2822 dedit
470 2756 515 2821 illi
544 2758 794 2823 manducandum.
816 2758 888 2838 Eius
905 2757 1028 2822 truters
1053 2756 1125 2821 loris
1149 2757 1309 2822 adveniens
1330 2757 1395 2821 nit:
1416 2758 1482 2822 luae

249 3009 295 3084 (2)
316 3015 393 3076 lllnd
414 2996 451 3074 llll
465 2987 507 3076 fill
524 2988 564 3068 fi
578 3014 724 3092 specialem
748 3015 802 3074 sibi
827 3015 952 3073 vindieat
975 3013 1175 3073 attentionem.
1196 3010 1340 3073 l'erticnla
1360 2991 1418 3088 fill,
1436 3016 1480 3075 nti

211 3131 324 3206 passim,
338 3129 489 3190 discretive
501 3138 558 3205 est3
578 3138 609 3187 at
621 3128 668 3187 hic
682 3129 719 3189 ob
731 3129 903 3204 solusquens
920 3103 974 3200 llll,
990 3126 1104 3185 modum
1121 3126 1202 3186 effert
1214 3124 1396 3204 singularem.

249 3235 293 3310 (3)
315 3241 404 3314 Tche,
417 3245 543 3302 limosus
554 3240 637 3311 istri),
660 3241 763 3300 famosi
780 3240 867 3301 Lieou
881 3239 930 3298 hin
943 3238 1009 3300 hosi
1025 3239 1114 3299 frater
1127 3240 1228 3312 minor,
1257 3238 1393 3299 Confusio
1407 3261 1480 3302 ooae·

212 3362 321 3426 tadeus,
336 3374 420 3431 quem
436 3357 523 3415 etiam
538 3355 683 3414 maledicis
698 3355 789 3415 verbis
803 3354 952 3430 impetivit.

249 3461 293 3537 (4)
313 3466 462 3530 Pertimulre
478 3444 519 3533 Q
533 3467 624 3547 primo
638 3477 715 3535 tono,
738 3466 830 3528 recole
850 3486 939 3526 cmm.
967 3466 999 3527 si
1012 3463 1073 3524 selu
1086 3464 1210 3542 phrasim
1224 3465 1340 3541 claudit,
1355 3466 1479 3545 plerum·

210 3599 265 3657 que
277 3582 448 3660 interrogem
461 3583 578 3650 sociata,
592 3581 797 3658 interrogando
806 3578 962 3657 exclamem
978 3578 1126 3658 geminata
1137 3598 1203 3640 vcro
1210 3580 1324 3640 dubium
1332 3582 1476 3660 proponit.

247 3683 295 3763 (5)
315 3672 354 3758 5
372 3707 433 3755 tum
447 3696 482 3756 de
494 3694 680 3757 mnductione
693 3695 803 3763 domus,
817 3702 879 3753 tunt
892 3693 927 3754 de
940 3691 1083 3771 emptione
1096 3691 1151 3752 cibi
1164 3692 1219 3753 dici
1234 3702 1335 3775 potest

247 3798 292 3877 (6)
312 3808 496 3870 Proefectoris
507 3807 624 3879 familia,
638 3807 684 3866 cui
697 3806 802 3869 scilicet
818 3805 995 3867 hereditaria
1009 3813 1052 3865 est
1065 3805 1241 3882 praefectura

247 3911 293 3993 (7)
312 3918 465 3983 Perticulae
483 3901 534 3995 il,
552 3939 617 3999 quse
629 3918 818 3980 conclusionis
831 3928 875 3980 eet
889 3928 967 3993 uota,
982 3919 1069 3998 probe
1083 3917 1131 3976 hio
1145 3919 1325 3981 adnotandus
1338 3930 1383 3982 est
1396 3939 1475 3981 usus.

209 4030 283 4093 Eam
297 4036 374 4096 euim
389 4036 510 4096 vidimus
527 4033 557 4093 1⁰
569 4034 798 4110 mnseqrrsntiam
813 4032 962 4110 designare
978 4031 1105 4103 rationis,
1120 4006 1163 4094 fl
1179 4007 1218 4098 fi
1239 4011 1276 4091 fill
1295 4007 1338 4093 ἦ
1354 4016 1409 4107 E,
1424 4053 1476 4096 ex.

207 4145 327 4222 solitae,
340 4168 409 4229 ergo
424 4149 513 4209 virtus
526 4147 627 4226 stubit3
653 4120 694 4209 ἦ
711 4125 753 4210 ᾗ
770 4126 807 4206 fil
826 4126 865 4208 ist
882 4123 923 4202 11
939 4122 996 4215 ᾗ,
1015 4144 1038 4207 si
1052 4143 1133 4203 deest
1146 4144 1298 4221 institutio,
1313 4154 1382 4204 tuno
1396 4167 1476 4210 neee-

207 4259 253 4320 det
264 4260 775 4338 odbrutszitem2⁰eonsequeutiam
789 4259 867 4332 iacti,
884 4243 923 4323 Q
943 4237 981 4317 fil
1000 4237 1039 4318 ἦ
1056 4233 1113 4329 Β,
1126 4259 1243 4334 quadie
1257 4259 1473 4336 exequiobetur,

201 4374 340 4453 jamnon
359 4375 506 4437 mutuom.
534 4374 577 4434 Ar
593 4374 641 4434 hic
657 4374 890 4451 consequentiam
907 4370 1040 4450 temporis
1057 4368 1199 4447 designet,
1220 4349 1262 4431 ἢ
1280 4351 1317 4431 fill
1337 4346 1392 4446 fi,
1406 4394 1473 4435 eum

205 4488 320 4551 domum
333 4489 445 4563 adierit,
459 4508 496 4549 eu
510 4487 613 4549 occidit
625 4496 668 4548 ut.

239 4596 284 4675 (8)
304 4603 495 4684 Improbabat
508 4601 615 4662 scilicet
627 4602 743 4661 fratrem
757 4600 892 4681 recepisse
914 4600 1027 4661 donum.
1049 4574 1094 4663 fi
1105 4567 1151 4668 a
1164 4599 1239 4662 volet
1255 4572 1297 4661 ff
1313 4576 1367 4663 ff
1391 4598 1472 4662 Illius

125 4760 135 4777 .
205 4694 244 4779 R
250 4762 258 4793 ,
272 4719 309 4781 nd
324 4686 439 4801 phtisis
451 4712 568 4789 csloem,
583 4713 713 4796 specialis
726 4721 769 4776 est
783 4731 858 4788 neus,
871 4715 922 4793 qui
935 4713 1078 4776 neminem
1091 4712 1176 4797 fugit.
