3672 5690
533 496 628 542 orror
648 495 806 539 mcuuourr
818 511 860 525 -
871 496 946 539 1111
963 496 1125 539 recreatore
1402 480 1461 539 tat

198 615 237 678 ita
253 618 323 695 aget
335 610 496 691 iustitiam,
514 617 546 673 ut
560 624 598 673 ne
613 608 712 672 minus
736 625 854 705 aequum
870 607 939 688 quid
955 609 1092 673 adueniat
1106 610 1136 673 in
1153 610 1218 688 ejus
1234 625 1402 690 personam.
1424 607 1464 671 ht

198 726 307 806 estqui
323 725 419 805 possit
433 726 481 788 vel
497 739 556 786 una
570 723 618 787 die
632 739 753 787 exerere
768 738 839 785 suas
854 722 933 786 vires
947 721 977 784 in
990 720 1113 800 iustitie
1134 723 1295 787 virtutem?
1310 739 1367 805 ego
1388 740 1463 786 nun·

198 855 287 920 quam
301 839 362 903 villi
377 837 444 918 eius
468 838 547 901 vires
571 853 630 901 non
645 836 779 901 sufficere
796 855 804 898 z
823 835 897 899 iorte
912 835 941 899 id
957 835 1070 911 extitit3
1094 837 1147 900 sed
1161 852 1218 918 ego
1233 837 1365 900 nondum
1389 835 1464 899 illud

197 953 267 1016 villi.

254 1067 284 1129 7.
310 1065 510 1143 Philosophus
524 1063 566 1127 ait
583 1084 590 1127 :
609 1062 752 1126 Homines
773 1062 920 1126 excedunt
943 1061 1054 1145 singrrli
1069 1062 1100 1126 in
1115 1079 1170 1128 suo
1185 1077 1295 1145 genere
1313 1081 1320 1125 :
1338 1063 1464 1128 observa

197 1195 350 1255 excessus,
366 1186 397 1242 et
413 1178 456 1241 sic
471 1178 548 1242 scies
561 1176 660 1241 cordis
676 1175 817 1240 virtutem
834 1172 890 1259 (1).

254 1294 286 1358 8.
310 1291 509 1371 Philosophus
523 1290 566 1353 ait
582 1310 590 1353 ι
608 1291 634 1353 si
650 1305 737 1353 manc
752 1289 902 1368 acceperis
917 1288 1104 1368 sapientiam,
1122 1306 1244 1369 vespere
1260 1289 1337 1352 mori
1351 1288 1461 1354 licebit.

254 1405 284 1470 9.
311 1405 510 1484 Philosophus
524 1403 567 1467 ait
583 1424 590 1466 ε
614 1403 763 1466 litteratus
778 1402 934 1465 intendens
948 1401 979 1466 in
994 1402 1170 1481 sapientiam
1185 1409 1215 1467 11
1230 1409 1329 1466 tamen
1344 1402 1464 1467 eruhes-

197 1535 267 1584 cens
283 1519 374 1582 vilem
389 1518 529 1582 vestitum
544 1525 575 1581 ct
590 1516 695 1580 rudem
710 1516 820 1593 cibum,
843 1530 902 1578 non
920 1521 966 1579 est
980 1515 1090 1597 dignus
1110 1515 1230 1594 quicum
1251 1515 1335 1578 illam
1354 1516 1464 1580 edisse·

198 1648 273 1697 lam.

254 1746 307 1810 10.
333 1744 531 1826 Philosophus
546 1745 588 1807 ait
605 1762 613 1806 :
631 1742 755 1823 Sapiens
769 1743 816 1806 vir
831 1742 928 1822 quoad
942 1747 1038 1806 totum
1053 1741 1223 1823 imperium,
1240 1742 1313 1806 nihil
1334 1741 1465 1807 obstinat
1585 1751 1588 1755 ’

197 1861 273 1923 uelle
288 1858 366 1922 nihil
382 1858 474 1935 nolle,
491 1858 616 1937 equitas
629 1862 677 1920 est
691 1872 819 1936 quacum
834 1857 975 1920 adheret.

255 1974 306 2036 11.
333 1973 532 2050 Philosophus
542 1970 584 2034 ait
596 1989 604 2032 :
618 1969 735 2048 sapiens
746 1969 919 2034 viratlcctat
934 1967 1087 2046 virtutem,
1104 1970 1238 2052 uulgaris
1250 1972 1340 2034 homo
1352 1968 1465 2052 cogitat

199 2091 333 2162 terrena;
352 2086 470 2165 sapiens
484 2084 566 2148 cordi
581 2083 670 2148 hahet
688 2084 782 2164 leges,
800 2083 934 2164 uulgaris
949 2082 1039 2168 homo
1054 2084 1152 2147 studet
1167 2084 1261 2148 lucro.

255 2199 305 2263 12.
333 2199 532 2278 Philosophus
546 2197 613 2261 ait:
634 2196 810 2261 incumbere
822 2196 853 2260 in
871 2196 987 2260 lucrum
1001 2196 1038 2258 ad
1057 2197 1218 2279 agendum,
1235 2197 1347 2261 multas
1361 2195 1463 2260 simul·

199 2318 273 2377 tates
287 2311 425 2391 excipiet.

254 2427 307 2489 13.
333 2425 532 2504 Philosophus
545 2423 587 2487 ait
604 2442 612 2486 z
634 2423 761 2488 Potesne
774 2422 859 2502 juxta
874 2417 1036 2487 officiorum
1051 2422 1242 2487 veracitatem
1257 2422 1464 2488 administrare

199 2544 349 2621 regnum?
365 2544 436 2602 tunc
451 2537 521 2617 quid
534 2536 669 2619 negotii?
689 2537 720 2600 Si
734 2548 794 2601 non
810 2542 894 2616 putes
915 2535 1000 2614 iuxta
1021 2536 1183 2600 officiorum
1209 2536 1398 2601 veracitatem
1413 2537 1463 2601 ad·

199 2652 370 2715 ministrare
385 2666 524 2733 regnum,
542 2657 613 2714 tunc
627 2650 665 2713 ad
679 2649 749 2729 quil
764 2649 926 2715 officiorum
942 2649 1044 2713 torma
1061 2647 1131 2734 (2)l

254 2766 307 2830 14.
328 2764 527 2844 Philosophus
541 2763 583 2827 ait
599 2782 606 2826 :
624 2779 662 2827 11
677 2763 798 2846 angaris
813 2763 890 2842 quod
906 2777 1009 2828 careas
1023 2762 1179 2844 dignitate,
1197 2764 1249 2828 sel
1263 2763 1407 2827 sollicitus
1422 2762 1464 2826 sis

198 2877 233 2944 hc
247 2894 282 2943 eo
298 2877 340 2942 oh
355 2879 433 2957 quod
448 2878 591 2953 eleveris;
609 2892 647 2940 ne
661 2876 783 2959 angaris
804 2877 883 2955 quod
904 2891 992 2941 nemo
1014 2875 1140 2956 teipsum
1164 2882 1280 2954 noscat,
1298 2877 1350 2940 sed
1365 2892 1465 2956 querc

198 3008 261 3057 csse
276 2992 390 3074 dignus
404 2998 439 3054 ut
453 2991 596 3055 noscaris.

255 3106 309 3181 15,
332 3103 532 3182 Philosophus
547 3103 589 3166 ait
606 3122 613 3165 :
631 3100 655 3167 0
670 3103 763 3180 chen,
780 3117 846 3168 moa
861 3103 969 3187 agendi
984 3103 1058 3166 ratio
1073 3118 1127 3183 per
1141 3119 1234 3166 unum
1245 3102 1385 3186 transigit
1400 3118 1462 3167 om·

198 3200 246 3281 nia
261 3218 312 3299 (3)
328 3238 336 3281 :
355 3219 458 3299 Tseng
473 3223 519 3281 tse
534 3216 651 3296 reponit
666 3236 674 3280 :
692 3225 783 3281 corte.
808 3217 967 3281 domucius
981 3216 1063 3293 ahit;
1086 3216 1195 3281 schola
1210 3216 1323 3280 alumni
1337 3216 1463 3281 interro

199 3336 319 3413 garunt,
344 3330 477 3395 (licentes
494 3350 502 3393 ε
525 3328 594 3409 quid
609 3330 779 3412 significati
795 3331 897 3413 Tseng
911 3339 956 3394 tse
977 3330 1019 3393 ait
1036 3348 1044 3393 z
1067 3329 1202 3412 Magistri
1216 3329 1313 3395 ethica
1327 3336 1375 3395 est
1388 3330 1463 3395 inte·

199 3445 293 3526 gritas
308 3426 409 3510 cordis
423 3452 545 3509 extensa
560 3442 597 3507 ad
611 3444 792 3523 proximum,
808 3451 839 3508 11
853 3444 928 3507 nihil
942 3443 1024 3507 aliud
1036 3444 1095 3525 (11.

236 3698 281 3779 (1)
302 3707 410 3768 Recolo
422 3706 491 3767 illud
507 3683 549 3770 Q
562 3725 613 3795 pro
633 3687 681 3779 fid,
695 3716 721 3764 et
734 3717 806 3781 1111,
821 3715 885 3765 1111
902 3708 1003 3767 atatim

236 3813 282 3894 (2)
305 3798 348 3887 a
363 3830 407 3881 est
419 3821 532 3880 interna
554 3819 743 3892 observantia,
764 3838 829 3896 qua
849 3829 987 3898 tanquam
1011 3819 1108 3879 anima
1130 3817 1215 3879 debet
1238 3828 1373 3882 externos
1392 3820 1464 3882 ritus

198 3935 361 3996 informare.

237 4042 282 4119 (3)
302 4048 459 4109 Goniuciua
473 4046 503 4105 in
516 4045 614 4106 ordine
627 4044 797 4124 cognitionis
812 4045 909 4106 omnia
922 4046 1007 4106 refert
1021 4045 1059 4105 cd
1071 4045 1193 4123 primum
1207 4046 1386 4125 principium,
1400 4048 1464 4108 ideo

201 4160 267 4222 alibi
280 4163 324 4222 ait
339 4184 348 4221 1
361 4181 416 4240 ogo
436 4178 487 4238 per
507 4177 593 4218 unum
614 4160 737 4237 pervado
759 4161 855 4220 omnia
866 4183 875 4235 3
888 4160 919 4218 in
932 4160 1031 4219 ordine
1044 4159 1173 4232 actionis,
1195 4161 1292 4219 omnia
1304 4160 1413 4220 reducit
1426 4160 1465 4220 ad

199 4274 396 4353 integritatem
410 4274 464 4334 uhi
474 4282 505 4334 et
514 4273 578 4332 aliis
593 4273 801 4350 acquirendam,
815 4273 878 4333 ideo
890 4272 937 4332 hic
950 4273 993 4332 ait
1007 4294 1015 4333 a
1030 4291 1095 4331 mea
1108 4273 1299 4349 1111111111
1312 4292 1364 4351 por
1373 4291 1463 4333 unum

200 4396 327 4466 permeat
341 4389 440 4447 omnia
453 4409 463 4448 a
474 4361 514 4442 2
531 4404 598 4463 crgo
611 4403 649 4446 ex
662 4385 792 4465 subjecta
805 4385 934 4460 matoria,
956 4385 1005 4446 hic
1016 4393 1109 4445 totum
1125 4387 1278 4458 actionum,
1299 4385 1358 4445 illic
1371 4394 1465 4445 totum

201 4502 399 4579 cognitionum
412 4476 540 4560 ordinem
552 4499 692 4576 designat.

238 4604 285 4684 (4)
307 4615 390 4673 Duas
402 4612 467 4673 ilias
480 4632 562 4673 rocca
578 4589 662 4675 1511
678 4591 733 4688 iffi,
756 4612 796 4671 sic
809 4611 901 4672 solent
915 4610 1002 4689 aliqui
1016 4611 1171 4686 enucleare,
1192 4621 1227 4671 nt
1239 4610 1331 4688 prima
1348 4586 1386 4672 'd'
1405 4589 1462 4685 idi,

204 4728 291 4787 altera
310 4710 349 4789 inl
367 4703 409 4789 ld
422 4737 488 4804 apte
501 4727 540 4786 ad
552 4746 665 4789 sensum
677 4726 872 4788 transferatur.
