<?xml version="1.0" encoding="UTF-8"?>
<!DOCTYPE html PUBLIC "-//W3C//DTD XHTML 1.0 Transitional//EN"
    "http://www.w3.org/TR/xhtml1/DTD/xhtml1-transitional.dtd">
<html xmlns="http://www.w3.org/1999/xhtml" xml:lang="en" lang="en">
 <head>
  <title>
</title>
<meta http-equiv="Content-Type" content="text/html;charset=utf-8" />
  <meta name='ocr-system' content='tesseract 3.04.00' />
  <meta name='ocr-capabilities' content='ocr_page ocr_carea ocr_par ocr_line ocrx_word'/>
</head>
<body>
  <div class='ocr_page' id='page_1' title='image "./cursuslitteratu00zottgoog_0557.png"; bbox 0 0 3524 5652; ppageno 0'>
   <div class='ocr_carea' id='block_1_1' title="bbox 535 488 1466 577">
    <p class='ocr_par' dir='ltr' id='par_1_1' title="bbox 535 488 1466 577">
     <span class='ocr_line' id='line_1_1' title="bbox 535 488 1466 577; baseline 0.004 -33"><span class='ocrx_word' id='word_1_1' title='bbox 535 500 633 544; x_wconf 79' lang='lat' dir='ltr'>cucur</span> <span class='ocrx_word' id='word_1_2' title='bbox 653 500 785 543; x_wconf 75' lang='lat' dir='ltr'>mrtem</span> <span class='ocrx_word' id='word_1_3' title='bbox 801 516 841 529; x_wconf 90' lang='lat'><em>-</em></span> <span class='ocrx_word' id='word_1_4' title='bbox 854 501 928 543; x_wconf 79' lang='lat' dir='ltr'>enus</span> <span class='ocrx_word' id='word_1_5' title='bbox 948 500 1111 577; x_wconf 70' lang='lat' dir='ltr'>rosranroe</span> <span class='ocrx_word' id='word_1_6' title='bbox 1405 488 1466 549; x_wconf 80' lang='lat'>487</span> 
     </span>
    </p>
   </div>
   <div class='ocr_carea' id='block_1_2' title="bbox 186 612 1519 4103">
    <p class='ocr_par' dir='ltr' id='par_1_2' title="bbox 186 612 1519 4103">
     <span class='ocr_line' id='line_1_2' title="bbox 186 612 1465 697; baseline 0.002 -20"><span class='ocrx_word' id='word_1_7' title='bbox 186 612 253 677; x_wconf 75' lang='lat' dir='ltr'>ait‘:</span> <span class='ocrx_word' id='word_1_8' title='bbox 272 612 325 692; x_wconf 89' lang='lat' dir='ltr'>qui</span> <span class='ocrx_word' id='word_1_9' title='bbox 340 628 391 678; x_wconf 89' lang='lat' dir='ltr'>me</span> <span class='ocrx_word' id='word_1_10' title='bbox 407 613 501 690; x_wconf 81' lang='lat' dir='ltr'>norit,</span> <span class='ocrx_word' id='word_1_11' title='bbox 517 612 544 677; x_wconf 89' lang='lat' dir='ltr'>is</span> <span class='ocrx_word' id='word_1_12' title='bbox 558 629 658 679; x_wconf 87' lang='lat' dir='ltr'>nonne</span> <span class='ocrx_word' id='word_1_13' title='bbox 672 613 786 679; x_wconf 90' lang='lat' dir='ltr'>scilicet</span> <span class='ocrx_word' id='word_1_14' title='bbox 800 630 837 677; x_wconf 86' lang='lat' dir='ltr'>ex</span> <span class='ocrx_word' id='word_1_15' title='bbox 852 629 919 678; x_wconf 87' lang='lat' dir='ltr'>meo</span> <span class='ocrx_word' id='word_1_16' title='bbox 934 630 1004 679; x_wconf 89' lang='lat' dir='ltr'>vere</span> <span class='ocrx_word' id='word_1_17' title='bbox 1014 622 1044 678; x_wconf 90' lang='lat' dir='ltr'>et</span> <span class='ocrx_word' id='word_1_18' title='bbox 1054 621 1219 680; x_wconf 82' lang='lat' dir='ltr'>automno?</span> <span class='ocrx_word' id='word_1_19' title='bbox 1234 616 1285 697; x_wconf 92' lang='lat' dir='ltr'>qui</span> <span class='ocrx_word' id='word_1_20' title='bbox 1301 633 1349 681; x_wconf 93' lang='lat' dir='ltr'>me</span> <span class='ocrx_word' id='word_1_21' title='bbox 1364 617 1465 683; x_wconf 89' lang='lat' dir='ltr'>crimi-</span> 
     </span>
     <span class='ocr_line' id='line_1_3' title="bbox 187 726 1466 814; baseline 0.002 -21"><span class='ocrx_word' id='word_1_22' title='bbox 187 737 290 803; x_wconf 80' lang='lat' dir='ltr'><strong>natur,</strong></span> <span class='ocrx_word' id='word_1_23' title='bbox 307 726 336 790; x_wconf 89' lang='lat' dir='ltr'>is</span> <span class='ocrx_word' id='word_1_24' title='bbox 352 743 451 792; x_wconf 90' lang='lat' dir='ltr'>nonne</span> <span class='ocrx_word' id='word_1_25' title='bbox 477 733 592 790; x_wconf 91' lang='lat' dir='ltr'>tantum</span> <span class='ocrx_word' id='word_1_26' title='bbox 608 727 646 792; x_wconf 93' lang='lat' dir='ltr'>ob</span> <span class='ocrx_word' id='word_1_27' title='bbox 661 744 762 791; x_wconf 88' lang='lat' dir='ltr'>meum</span> <span class='ocrx_word' id='word_1_28' title='bbox 785 743 837 791; x_wconf 88' lang='lat' dir='ltr'>ver</span> <span class='ocrx_word' id='word_1_29' title='bbox 852 736 882 792; x_wconf 90' lang='lat' dir='ltr'>et</span> <span class='ocrx_word' id='word_1_30' title='bbox 897 734 1096 792; x_wconf 73' lang='lat' dir='ltr'>autumnum?</span> <span class='ocrx_word' id='word_1_31' title='bbox 1123 727 1162 793; x_wconf 78' lang='lat' dir='ltr'>ot</span> <span class='ocrx_word' id='word_1_32' title='bbox 1176 731 1271 794; x_wconf 88' lang='lat' dir='ltr'>saneti</span> <span class='ocrx_word' id='word_1_33' title='bbox 1294 747 1382 814; x_wconf 79' lang='lat' dir='ltr'>reges</span> <span class='ocrx_word' id='word_1_34' title='bbox 1405 747 1466 795; x_wconf 88' lang='lat' dir='ltr'>non</span> 
     </span>
     <span class='ocr_line' id='line_1_4' title="bbox 188 840 1464 924; baseline 0.001 -18"><span class='ocrx_word' id='word_1_35' title='bbox 188 847 355 924; x_wconf 79' lang='lat' dir='ltr'>exurgunt,</span> <span class='ocrx_word' id='word_1_36' title='bbox 381 841 478 923; x_wconf 79' lang='lat' dir='ltr'>reguli</span> <span class='ocrx_word' id='word_1_37' title='bbox 500 840 656 923; x_wconf 82' lang='lat' dir='ltr'>indulgent</span> <span class='ocrx_word' id='word_1_38' title='bbox 679 840 826 917; x_wconf 75' lang='lat' dir='ltr'>licentiae,</span> <span class='ocrx_word' id='word_1_39' title='bbox 852 840 958 922; x_wconf 84' lang='lat' dir='ltr'>privati</span> <span class='ocrx_word' id='word_1_40' title='bbox 977 842 1102 906; x_wconf 89' lang='lat' dir='ltr'>litterati</span> <span class='ocrx_word' id='word_1_41' title='bbox 1118 860 1170 906; x_wconf 89' lang='lat' dir='ltr'>sus</span> <span class='ocrx_word' id='word_1_42' title='bbox 1184 843 1278 923; x_wconf 92' lang='lat' dir='ltr'>deque</span> <span class='ocrx_word' id='word_1_43' title='bbox 1298 844 1464 924; x_wconf 84' lang='lat' dir='ltr'>disputant,</span> 
     </span>
     <span class='ocr_line' id='line_1_5' title="bbox 188 953 1466 1039; baseline 0.001 -19"><span class='ocrx_word' id='word_1_44' title='bbox 188 957 281 1039; x_wconf 78' lang='lat' dir='ltr'>Yang</span> <span class='ocrx_word' id='word_1_45' title='bbox 303 956 394 1019; x_wconf 89' lang='lat' dir='ltr'>tehou</span> <span class='ocrx_word' id='word_1_46' title='bbox 410 960 440 1018; x_wconf 93' lang='lat' dir='ltr'>et</span> <span class='ocrx_word' id='word_1_47' title='bbox 456 955 503 1017; x_wconf 83' lang='lat' dir='ltr'>lde</span> <span class='ocrx_word' id='word_1_48' title='bbox 518 953 540 1017; x_wconf 90' lang='lat' dir='ltr'>ti</span> <span class='ocrx_word' id='word_1_49' title='bbox 555 955 696 1035; x_wconf 81' lang='lat' dir='ltr'>dogmata</span> <span class='ocrx_word' id='word_1_50' title='bbox 717 955 843 1034; x_wconf 91' lang='lat' dir='ltr'>implent</span> <span class='ocrx_word' id='word_1_51' title='bbox 863 955 1021 1035; x_wconf 91' lang='lat' dir='ltr'>imperium</span> <span class='ocrx_word' id='word_1_52' title='bbox 1039 974 1047 1018; x_wconf 75' lang='grc' dir='ltr'><strong>ε</strong></span> <span class='ocrx_word' id='word_1_53' title='bbox 1065 955 1182 1035; x_wconf 88' lang='lat' dir='ltr'>imperii</span> <span class='ocrx_word' id='word_1_54' title='bbox 1206 957 1348 1021; x_wconf 85' lang='lat' dir='ltr'>doetrinae</span> <span class='ocrx_word' id='word_1_55' title='bbox 1363 959 1388 1022; x_wconf 90' lang='lat' dir='ltr'>si</span> <span class='ocrx_word' id='word_1_56' title='bbox 1404 974 1466 1022; x_wconf 92' lang='lat' dir='ltr'>non</span> 
     </span>
     <span class='ocr_line' id='line_1_6' title="bbox 189 1066 1467 1151; baseline 0.001 -18"><span class='ocrx_word' id='word_1_57' title='bbox 189 1077 356 1151; x_wconf 79' lang='lat' dir='ltr'>sequantur</span> <span class='ocrx_word' id='word_1_58' title='bbox 381 1068 480 1150; x_wconf 76' lang='lat' dir='ltr'>hang,</span> <span class='ocrx_word' id='word_1_59' title='bbox 504 1076 576 1131; x_wconf 91' lang='lat' dir='ltr'>tune</span> <span class='ocrx_word' id='word_1_60' title='bbox 597 1068 741 1133; x_wconf 88' lang='lat' dir='ltr'>accedunt</span> <span class='ocrx_word' id='word_1_61' title='bbox 763 1066 821 1133; x_wconf 81' lang='lat' dir='ltr'>lle.</span> <span class='ocrx_word' id='word_1_62' title='bbox 855 1068 946 1150; x_wconf 75' lang='lat' dir='ltr'>Yang</span> <span class='ocrx_word' id='word_1_63' title='bbox 966 1074 1047 1133; x_wconf 89' lang='lat' dir='ltr'>secta</span> <span class='ocrx_word' id='word_1_64' title='bbox 1069 1077 1115 1134; x_wconf 88' lang='lat' dir='ltr'>est</span> <span class='ocrx_word' id='word_1_65' title='bbox 1136 1085 1191 1150; x_wconf 87' lang='lat' dir='ltr'>pro</span> <span class='ocrx_word' id='word_1_66' title='bbox 1213 1071 1291 1150; x_wconf 77' lang='lat' dir='ltr'>Epo,</span> <span class='ocrx_word' id='word_1_67' title='bbox 1318 1073 1397 1150; x_wconf 93' lang='lat' dir='ltr'>quod</span> <span class='ocrx_word' id='word_1_68' title='bbox 1420 1078 1467 1135; x_wconf 89' lang='lat' dir='ltr'>est</span> 
     </span>
     <span class='ocr_line' id='line_1_7' title="bbox 189 1179 1464 1264; baseline -0.001 -14"><span class='ocrx_word' id='word_1_69' title='bbox 189 1199 295 1250; x_wconf 90' lang='lat' dir='ltr'>carere</span> <span class='ocrx_word' id='word_1_70' title='bbox 316 1181 448 1262; x_wconf 76' lang='lat' dir='ltr'>principe</span> <span class='ocrx_word' id='word_1_71' title='bbox 466 1201 473 1245; x_wconf 91' lang='lat'>:</span> <span class='ocrx_word' id='word_1_72' title='bbox 491 1179 538 1245; x_wconf 81' lang='lat' dir='ltr'>tlt</span> <span class='ocrx_word' id='word_1_73' title='bbox 560 1189 641 1246; x_wconf 88' lang='lat' dir='ltr'>secta</span> <span class='ocrx_word' id='word_1_74' title='bbox 662 1197 746 1262; x_wconf 84' lang='lat' dir='ltr'>aeque</span> <span class='ocrx_word' id='word_1_75' title='bbox 766 1197 871 1247; x_wconf 89' lang='lat' dir='ltr'>omnes</span> <span class='ocrx_word' id='word_1_76' title='bbox 886 1182 995 1264; x_wconf 80' lang='lat' dir='ltr'>diligit,</span> <span class='ocrx_word' id='word_1_77' title='bbox 1019 1182 1049 1246; x_wconf 94' lang='lat' dir='ltr'>id</span> <span class='ocrx_word' id='word_1_78' title='bbox 1064 1191 1110 1247; x_wconf 89' lang='lat' dir='ltr'>est</span> <span class='ocrx_word' id='word_1_79' title='bbox 1124 1199 1184 1248; x_wconf 92' lang='lat' dir='ltr'>uon</span> <span class='ocrx_word' id='word_1_80' title='bbox 1200 1183 1311 1249; x_wconf 89' lang='lat' dir='ltr'>hahere</span> <span class='ocrx_word' id='word_1_81' title='bbox 1325 1193 1464 1264; x_wconf 87' lang='lat' dir='ltr'>patrem:</span> 
     </span>
     <span class='ocr_line' id='line_1_8' title="bbox 190 1294 1468 1381; baseline -0.001 -18"><span class='ocrx_word' id='word_1_82' title='bbox 190 1313 295 1363; x_wconf 88' lang='lat' dir='ltr'>carere</span> <span class='ocrx_word' id='word_1_83' title='bbox 310 1295 454 1376; x_wconf 78' lang='lat' dir='ltr'>principe,</span> <span class='ocrx_word' id='word_1_84' title='bbox 472 1309 575 1359; x_wconf 90' lang='lat' dir='ltr'>carere</span> <span class='ocrx_word' id='word_1_85' title='bbox 589 1302 674 1376; x_wconf 85' lang='lat' dir='ltr'>putre</span> <span class='ocrx_word' id='word_1_86' title='bbox 683 1301 731 1361; x_wconf 88' lang='lat' dir='ltr'>cst</span> <span class='ocrx_word' id='word_1_87' title='bbox 740 1294 861 1359; x_wconf 87' lang='lat' dir='ltr'>brutum</span> <span class='ocrx_word' id='word_1_88' title='bbox 869 1311 935 1360; x_wconf 92' lang='lat' dir='ltr'>esse</span> <span class='ocrx_word' id='word_1_89' title='bbox 942 1295 1053 1359; x_wconf 91' lang='lat' dir='ltr'>animal</span> <span class='ocrx_word' id='word_1_90' title='bbox 1064 1298 1120 1374; x_wconf 86' lang='lat' dir='ltr'>(l).</span> <span class='ocrx_word' id='word_1_91' title='bbox 1140 1297 1264 1377; x_wconf 83' lang='lat' dir='ltr'>Sapiens</span> <span class='ocrx_word' id='word_1_92' title='bbox 1282 1298 1468 1381; x_wconf 78' lang='lat' dir='ltr'>llongming</span> 
     </span>
     <span class='ocr_line' id='line_1_9' title="bbox 189 1408 1467 1499; baseline -0.002 -23"><span class='ocrx_word' id='word_1_93' title='bbox 189 1412 311 1476; x_wconf 88' lang='lat' dir='ltr'>iaicbat</span> <span class='ocrx_word' id='word_1_94' title='bbox 323 1428 331 1472; x_wconf 92' lang='lat'><strong>:</strong></span> <span class='ocrx_word' id='word_1_95' title='bbox 344 1408 444 1473; x_wconf 90' lang='lat' dir='ltr'>culina</span> <span class='ocrx_word' id='word_1_96' title='bbox 454 1408 545 1473; x_wconf 90' lang='lat' dir='ltr'>habet</span> <span class='ocrx_word' id='word_1_97' title='bbox 559 1408 687 1492; x_wconf 81' lang='lat' dir='ltr'>pingues</span> <span class='ocrx_word' id='word_1_98' title='bbox 701 1424 818 1485; x_wconf 89' lang='lat' dir='ltr'>earnes,</span> <span class='ocrx_word' id='word_1_99' title='bbox 835 1409 933 1489; x_wconf 90' lang='lat' dir='ltr'>equile</span> <span class='ocrx_word' id='word_1_100' title='bbox 941 1408 1031 1472; x_wconf 88' lang='lat' dir='ltr'>habet</span> <span class='ocrx_word' id='word_1_101' title='bbox 1039 1410 1166 1493; x_wconf 76' lang='lat' dir='ltr'>pingues</span> <span class='ocrx_word' id='word_1_102' title='bbox 1181 1425 1285 1499; x_wconf 88' lang='lat' dir='ltr'>equos,</span> <span class='ocrx_word' id='word_1_103' title='bbox 1298 1417 1328 1475; x_wconf 90' lang='lat' dir='ltr'>et</span> <span class='ocrx_word' id='word_1_104' title='bbox 1338 1412 1467 1491; x_wconf 91' lang='lat' dir='ltr'>populus</span> 
     </span>
     <span class='ocr_line' id='line_1_10' title="bbox 190 1512 1519 1603; baseline 0.001 -14"><span class='ocrx_word' id='word_1_105' title='bbox 190 1524 283 1589; x_wconf 88' lang='lat' dir='ltr'>habet</span> <span class='ocrx_word' id='word_1_106' title='bbox 298 1522 385 1587; x_wconf 90' lang='lat' dir='ltr'>lamis</span> <span class='ocrx_word' id='word_1_107' title='bbox 400 1528 566 1602; x_wconf 87' lang='lat' dir='ltr'>aspectum,</span> <span class='ocrx_word' id='word_1_108' title='bbox 583 1522 759 1603; x_wconf 81' lang='lat' dir='ltr'>desertaque</span> <span class='ocrx_word' id='word_1_109' title='bbox 769 1523 835 1588; x_wconf 87' lang='lat' dir='ltr'>loca</span> <span class='ocrx_word' id='word_1_110' title='bbox 845 1522 957 1586; x_wconf 87' lang='lat' dir='ltr'>habent</span> <span class='ocrx_word' id='word_1_111' title='bbox 972 1520 1050 1587; x_wconf 90' lang='lat' dir='ltr'>lame</span> <span class='ocrx_word' id='word_1_112' title='bbox 1064 1529 1185 1589; x_wconf 90' lang='lat' dir='ltr'>enectos</span> <span class='ocrx_word' id='word_1_113' title='bbox 1197 1544 1204 1586; x_wconf 94' lang='lat'><strong>:</strong></span> <span class='ocrx_word' id='word_1_114' title='bbox 1218 1524 1249 1587; x_wconf 90' lang='lat' dir='ltr'>id</span> <span class='ocrx_word' id='word_1_115' title='bbox 1263 1532 1309 1589; x_wconf 89' lang='lat' dir='ltr'>cst</span> <span class='ocrx_word' id='word_1_116' title='bbox 1318 1525 1468 1590; x_wconf 79' lang='lat' dir='ltr'>adducere</span> <span class='ocrx_word' id='word_1_117' title='bbox 1506 1512 1519 1536; x_wconf 86' lang='grc'>’</span> 
     </span>
     <span class='ocr_line' id='line_1_11' title="bbox 189 1635 1466 1721; baseline 0.002 -20"><span class='ocrx_word' id='word_1_118' title='bbox 189 1638 308 1717; x_wconf 82' lang='lat' dir='ltr'>belluas</span> <span class='ocrx_word' id='word_1_119' title='bbox 322 1637 360 1701; x_wconf 93' lang='lat' dir='ltr'>ad</span> <span class='ocrx_word' id='word_1_120' title='bbox 373 1635 559 1700; x_wconf 84' lang='lat' dir='ltr'>devorandos</span> <span class='ocrx_word' id='word_1_121' title='bbox 574 1636 722 1701; x_wconf 90' lang='lat' dir='ltr'>homines.</span> <span class='ocrx_word' id='word_1_122' title='bbox 745 1636 834 1720; x_wconf 78' lang='lat' dir='ltr'>Yang</span> <span class='ocrx_word' id='word_1_123' title='bbox 843 1644 874 1701; x_wconf 92' lang='lat' dir='ltr'>et</span> <span class='ocrx_word' id='word_1_124' title='bbox 883 1635 930 1700; x_wconf 82' lang='lat' dir='ltr'>Me</span> <span class='ocrx_word' id='word_1_125' title='bbox 945 1636 1080 1701; x_wconf 86' lang='lat' dir='ltr'>doctrina</span> <span class='ocrx_word' id='word_1_126' title='bbox 1095 1636 1153 1701; x_wconf 90' lang='lat' dir='ltr'>nisi</span> <span class='ocrx_word' id='word_1_127' title='bbox 1168 1637 1373 1721; x_wconf 78' lang='lat' dir='ltr'>extinguatur,</span> <span class='ocrx_word' id='word_1_128' title='bbox 1391 1637 1466 1703; x_wconf 84' lang='lat' dir='ltr'>don·</span> 
     </span>
     <span class='ocr_line' id='line_1_12' title="bbox 190 1749 1464 1832; baseline -0.001 -16"><span class='ocrx_word' id='word_1_129' title='bbox 190 1751 322 1831; x_wconf 80' lang='lat' dir='ltr'>lucique</span> <span class='ocrx_word' id='word_1_130' title='bbox 337 1749 472 1814; x_wconf 90' lang='lat' dir='ltr'>doctriua</span> <span class='ocrx_word' id='word_1_131' title='bbox 483 1764 539 1813; x_wconf 90' lang='lat' dir='ltr'>nec</span> <span class='ocrx_word' id='word_1_132' title='bbox 548 1751 747 1830; x_wconf 89' lang='lat' dir='ltr'>resplendeat,</span> <span class='ocrx_word' id='word_1_133' title='bbox 764 1751 822 1815; x_wconf 89' lang='lat' dir='ltr'>istu</span> <span class='ocrx_word' id='word_1_134' title='bbox 836 1764 975 1830; x_wconf 80' lang='lat' dir='ltr'>perversa</span> <span class='ocrx_word' id='word_1_135' title='bbox 990 1750 1132 1832; x_wconf 80' lang='lat' dir='ltr'>dogmate</span> <span class='ocrx_word' id='word_1_136' title='bbox 1146 1750 1293 1831; x_wconf 82' lang='lat' dir='ltr'>decipient</span> <span class='ocrx_word' id='word_1_137' title='bbox 1308 1753 1464 1831; x_wconf 89' lang='lat' dir='ltr'>populum,</span> 
     </span>
     <span class='ocr_line' id='line_1_13' title="bbox 190 1862 1467 1961; baseline -0.001 -32"><span class='ocrx_word' id='word_1_138' title='bbox 190 1866 340 1946; x_wconf 80' lang='lat' dir='ltr'>pleneque</span> <span class='ocrx_word' id='word_1_139' title='bbox 354 1862 511 1927; x_wconf 81' lang='lat' dir='ltr'>obstruent</span> <span class='ocrx_word' id='word_1_140' title='bbox 530 1864 749 1928; x_wconf 82' lang='lat' dir='ltr'>humanitatem</span> <span class='ocrx_word' id='word_1_141' title='bbox 763 1873 793 1927; x_wconf 90' lang='lat' dir='ltr'>et</span> <span class='ocrx_word' id='word_1_142' title='bbox 807 1862 987 1961; x_wconf 78' lang='lat' dir='ltr'>equitatem.</span> <span class='ocrx_word' id='word_1_143' title='bbox 1012 1864 1234 1928; x_wconf 81' lang='lat' dir='ltr'>humanitatem</span> <span class='ocrx_word' id='word_1_144' title='bbox 1250 1872 1280 1929; x_wconf 91' lang='lat' dir='ltr'>et</span> <span class='ocrx_word' id='word_1_145' title='bbox 1294 1864 1467 1944; x_wconf 86' lang='lat' dir='ltr'>aequitatem</span> 
     </span>
     <span class='ocr_line' id='line_1_14' title="bbox 190 1975 1466 2058; baseline -0.002 -15"><span class='ocrx_word' id='word_1_146' title='bbox 190 1978 320 2054; x_wconf 90' lang='lat' dir='ltr'>obstrui,</span> <span class='ocrx_word' id='word_1_147' title='bbox 335 1976 399 2057; x_wconf 85' lang='lat' dir='ltr'>jam</span> <span class='ocrx_word' id='word_1_148' title='bbox 413 1981 461 2041; x_wconf 88' lang='lat' dir='ltr'>cst</span> <span class='ocrx_word' id='word_1_149' title='bbox 475 1977 621 2042; x_wconf 84' lang='lat' dir='ltr'>adducere</span> <span class='ocrx_word' id='word_1_150' title='bbox 637 1977 715 2042; x_wconf 84' lang='lat' dir='ltr'>ieras</span> <span class='ocrx_word' id='word_1_151' title='bbox 730 1978 874 2042; x_wconf 84' lang='lat' dir='ltr'>deuorare</span> <span class='ocrx_word' id='word_1_152' title='bbox 889 1975 1037 2056; x_wconf 87' lang='lat' dir='ltr'>homines,</span> <span class='ocrx_word' id='word_1_153' title='bbox 1056 1979 1251 2058; x_wconf 79' lang='lat' dir='ltr'>hominesque</span> <span class='ocrx_word' id='word_1_154' title='bbox 1265 1993 1336 2042; x_wconf 80' lang='lat' dir='ltr'>mou</span> <span class='ocrx_word' id='word_1_155' title='bbox 1346 1994 1378 2042; x_wconf 91' lang='lat' dir='ltr'>se</span> <span class='ocrx_word' id='word_1_156' title='bbox 1390 1978 1466 2041; x_wconf 85' lang='lat' dir='ltr'>invi·</span> 
     </span>
     <span class='ocr_line' id='line_1_15' title="bbox 190 2090 1466 2172; baseline -0.002 -15"><span class='ocrx_word' id='word_1_157' title='bbox 190 2108 261 2157; x_wconf 84' lang='lat' dir='ltr'>cem</span> <span class='ocrx_word' id='word_1_158' title='bbox 274 2090 471 2156; x_wconf 88' lang='lat' dir='ltr'>devorabunt.</span> <span class='ocrx_word' id='word_1_159' title='bbox 493 2092 557 2172; x_wconf 70' lang='lat' dir='ltr'>Ego</span> <span class='ocrx_word' id='word_1_160' title='bbox 572 2098 694 2172; x_wconf 90' lang='lat' dir='ltr'>propter</span> <span class='ocrx_word' id='word_1_161' title='bbox 707 2092 765 2156; x_wconf 91' lang='lat' dir='ltr'>hoc</span> <span class='ocrx_word' id='word_1_162' title='bbox 779 2090 901 2170; x_wconf 78' lang='lat' dir='ltr'>erpavi3</span> <span class='ocrx_word' id='word_1_163' title='bbox 919 2096 1004 2156; x_wconf 90' lang='lat' dir='ltr'>tueor</span> <span class='ocrx_word' id='word_1_164' title='bbox 1019 2091 1153 2171; x_wconf 89' lang='lat' dir='ltr'>priorum</span> <span class='ocrx_word' id='word_1_165' title='bbox 1168 2098 1340 2156; x_wconf 77' lang='lat' dir='ltr'>sauctorum</span> <span class='ocrx_word' id='word_1_166' title='bbox 1356 2091 1466 2157; x_wconf 89' lang='lat' dir='ltr'>doctri·</span> 
     </span>
     <span class='ocr_line' id='line_1_16' title="bbox 190 2202 1467 2289; baseline 0.002 -20"><span class='ocrx_word' id='word_1_167' title='bbox 190 2220 276 2281; x_wconf 91' lang='lat' dir='ltr'>nam,</span> <span class='ocrx_word' id='word_1_168' title='bbox 294 2204 425 2269; x_wconf 92' lang='lat' dir='ltr'>insector</span> <span class='ocrx_word' id='word_1_169' title='bbox 444 2202 534 2287; x_wconf 77' lang='lat' dir='ltr'>Yanq</span> <span class='ocrx_word' id='word_1_170' title='bbox 548 2211 579 2269; x_wconf 89' lang='lat' dir='ltr'>et</span> <span class='ocrx_word' id='word_1_171' title='bbox 593 2203 652 2282; x_wconf 79' lang='lat' dir='ltr'>lle,</span> <span class='ocrx_word' id='word_1_172' title='bbox 669 2207 802 2285; x_wconf 90' lang='lat' dir='ltr'>propello</span> <span class='ocrx_word' id='word_1_173' title='bbox 824 2203 974 2269; x_wconf 88' lang='lat' dir='ltr'>incondita</span> <span class='ocrx_word' id='word_1_174' title='bbox 995 2205 1086 2281; x_wconf 86' lang='lat' dir='ltr'>dieta,</span> <span class='ocrx_word' id='word_1_175' title='bbox 1108 2220 1250 2286; x_wconf 81' lang='lat' dir='ltr'>perverse</span> <span class='ocrx_word' id='word_1_176' title='bbox 1270 2206 1413 2289; x_wconf 82' lang='lat' dir='ltr'>dogmata</span> <span class='ocrx_word' id='word_1_177' title='bbox 1427 2220 1467 2271; x_wconf 90' lang='lat' dir='ltr'>ue</span> 
     </span>
     <span class='ocr_line' id='line_1_17' title="bbox 191 2316 1467 2399; baseline 0 -17"><span class='ocrx_word' id='word_1_178' title='bbox 191 2318 349 2383; x_wconf 90' lang='lat' dir='ltr'>obtineant</span> <span class='ocrx_word' id='word_1_179' title='bbox 370 2332 529 2399; x_wconf 77' lang='lat' dir='ltr'>exurgere.</span> <span class='ocrx_word' id='word_1_180' title='bbox 552 2319 583 2383; x_wconf 88' lang='lat' dir='ltr'>Si</span> <span class='ocrx_word' id='word_1_181' title='bbox 598 2318 678 2383; x_wconf 90' lang='lat' dir='ltr'>euim</span> <span class='ocrx_word' id='word_1_182' title='bbox 693 2326 795 2384; x_wconf 82' lang='lat' dir='ltr'>exorta</span> <span class='ocrx_word' id='word_1_183' title='bbox 811 2318 922 2383; x_wconf 88' lang='lat' dir='ltr'>luerint</span> <span class='ocrx_word' id='word_1_184' title='bbox 936 2316 967 2380; x_wconf 92' lang='lat' dir='ltr'>iu</span> <span class='ocrx_word' id='word_1_185' title='bbox 981 2317 1109 2398; x_wconf 78' lang='lat' dir='ltr'>alicuius</span> <span class='ocrx_word' id='word_1_186' title='bbox 1127 2318 1228 2397; x_wconf 92' lang='lat' dir='ltr'>corde,</span> <span class='ocrx_word' id='word_1_187' title='bbox 1253 2318 1467 2383; x_wconf 90' lang='lat' dir='ltr'>detrimentum</span> 
     </span>
     <span class='ocr_line' id='line_1_18' title="bbox 191 2430 1467 2513; baseline 0 -17"><span class='ocrx_word' id='word_1_188' title='bbox 191 2431 340 2496; x_wconf 86' lang='lat' dir='ltr'>derivabit</span> <span class='ocrx_word' id='word_1_189' title='bbox 354 2430 385 2495; x_wconf 90' lang='lat' dir='ltr'>in</span> <span class='ocrx_word' id='word_1_190' title='bbox 400 2430 466 2510; x_wconf 78' lang='lat' dir='ltr'>eius</span> <span class='ocrx_word' id='word_1_191' title='bbox 481 2447 588 2511; x_wconf 90' lang='lat' dir='ltr'>opera;</span> <span class='ocrx_word' id='word_1_192' title='bbox 605 2448 734 2512; x_wconf 88' lang='lat' dir='ltr'>cumque</span> <span class='ocrx_word' id='word_1_193' title='bbox 749 2432 931 2513; x_wconf 86' lang='lat' dir='ltr'>prodiverint</span> <span class='ocrx_word' id='word_1_194' title='bbox 940 2430 972 2495; x_wconf 93' lang='lat' dir='ltr'>in</span> <span class='ocrx_word' id='word_1_195' title='bbox 982 2432 1047 2512; x_wconf 84' lang='lat' dir='ltr'>ejus</span> <span class='ocrx_word' id='word_1_196' title='bbox 1062 2447 1163 2511; x_wconf 90' lang='lat' dir='ltr'>opera,</span> <span class='ocrx_word' id='word_1_197' title='bbox 1180 2438 1353 2512; x_wconf 85' lang='lat' dir='ltr'>pervertent</span> <span class='ocrx_word' id='word_1_198' title='bbox 1366 2431 1467 2511; x_wconf 89' lang='lat' dir='ltr'>ipsum</span> 
     </span>
     <span class='ocr_line' id='line_1_19' title="bbox 192 2542 1467 2628; baseline 0.001 -18"><span class='ocrx_word' id='word_1_199' title='bbox 192 2545 329 2610; x_wconf 90' lang='lat' dir='ltr'>ordinem</span> <span class='ocrx_word' id='word_1_200' title='bbox 338 2542 398 2627; x_wconf 74' lang='grc'>(2).</span> <span class='ocrx_word' id='word_1_201' title='bbox 418 2543 448 2606; x_wconf 92' lang='lat' dir='ltr'>Si</span> <span class='ocrx_word' id='word_1_202' title='bbox 459 2544 554 2611; x_wconf 89' lang='lat' dir='ltr'>sancti</span> <span class='ocrx_word' id='word_1_203' title='bbox 564 2545 739 2611; x_wconf 86' lang='lat' dir='ltr'>uiriitcrum</span> <span class='ocrx_word' id='word_1_204' title='bbox 755 2551 926 2628; x_wconf 80' lang='lat' dir='ltr'>surgerent,</span> <span class='ocrx_word' id='word_1_205' title='bbox 943 2560 1004 2609; x_wconf 93' lang='lat' dir='ltr'>uon</span> <span class='ocrx_word' id='word_1_206' title='bbox 1019 2552 1171 2610; x_wconf 82' lang='lat' dir='ltr'>mutarent</span> <span class='ocrx_word' id='word_1_207' title='bbox 1185 2561 1252 2610; x_wconf 86' lang='lat' dir='ltr'>mee</span> <span class='ocrx_word' id='word_1_208' title='bbox 1269 2545 1370 2609; x_wconf 85' lang='lat' dir='ltr'>uerba.</span> <span class='ocrx_word' id='word_1_209' title='bbox 1386 2544 1467 2611; x_wconf 84' lang='lat' dir='ltr'>Olim</span> 
     </span>
     <span class='ocr_line' id='line_1_20' title="bbox 192 2656 1467 2740; baseline 0.001 -17"><span class='ocrx_word' id='word_1_210' title='bbox 192 2659 243 2723; x_wconf 88' lang='lat' dir='ltr'>Yu</span> <span class='ocrx_word' id='word_1_211' title='bbox 258 2657 405 2724; x_wconf 89' lang='lat' dir='ltr'>continuit</span> <span class='ocrx_word' id='word_1_212' title='bbox 419 2656 522 2723; x_wconf 90' lang='lat' dir='ltr'>diluvii</span> <span class='ocrx_word' id='word_1_213' title='bbox 537 2674 630 2739; x_wconf 87' lang='lat' dir='ltr'>aquas</span> <span class='ocrx_word' id='word_1_214' title='bbox 644 2668 675 2723; x_wconf 91' lang='lat' dir='ltr'>et</span> <span class='ocrx_word' id='word_1_215' title='bbox 688 2660 846 2740; x_wconf 87' lang='lat' dir='ltr'>imperium</span> <span class='ocrx_word' id='word_1_216' title='bbox 862 2659 1088 2739; x_wconf 88' lang='lat' dir='ltr'>tranquillatum</span> <span class='ocrx_word' id='word_1_217' title='bbox 1104 2658 1160 2723; x_wconf 86' lang='lat' dir='ltr'>luit</span> <span class='ocrx_word' id='word_1_218' title='bbox 1172 2679 1180 2722; x_wconf 91' lang='lat'>:</span> <span class='ocrx_word' id='word_1_219' title='bbox 1193 2660 1314 2725; x_wconf 85' lang='lat' dir='ltr'>Tcheou</span> <span class='ocrx_word' id='word_1_220' title='bbox 1330 2659 1395 2723; x_wconf 83' lang='lat' dir='ltr'>ltux</span> <span class='ocrx_word' id='word_1_221' title='bbox 1409 2658 1467 2724; x_wconf 89' lang='lat' dir='ltr'>sihi</span> 
     </span>
     <span class='ocr_line' id='line_1_21' title="bbox 192 2771 1466 2854; baseline 0.001 -18"><span class='ocrx_word' id='word_1_222' title='bbox 192 2771 291 2836; x_wconf 84' lang='lat' dir='ltr'>univit</span> <span class='ocrx_word' id='word_1_223' title='bbox 312 2771 451 2837; x_wconf 88' lang='lat' dir='ltr'>occiduos</span> <span class='ocrx_word' id='word_1_224' title='bbox 469 2781 500 2837; x_wconf 87' lang='lat' dir='ltr'>et</span> <span class='ocrx_word' id='word_1_225' title='bbox 518 2773 654 2837; x_wconf 89' lang='lat' dir='ltr'>boreales</span> <span class='ocrx_word' id='word_1_226' title='bbox 679 2773 831 2850; x_wconf 88' lang='lat' dir='ltr'>barbaros,</span> <span class='ocrx_word' id='word_1_227' title='bbox 861 2772 963 2854; x_wconf 76' lang='lat' dir='ltr'>abegit</span> <span class='ocrx_word' id='word_1_228' title='bbox 987 2773 1065 2837; x_wconf 88' lang='lat' dir='ltr'>leras</span> <span class='ocrx_word' id='word_1_229' title='bbox 1086 2772 1202 2836; x_wconf 90' lang='lat' dir='ltr'>belluas</span> <span class='ocrx_word' id='word_1_230' title='bbox 1220 2780 1251 2837; x_wconf 87' lang='lat' dir='ltr'>et</span> <span class='ocrx_word' id='word_1_231' title='bbox 1271 2772 1372 2852; x_wconf 91' lang='lat' dir='ltr'>populi</span> <span class='ocrx_word' id='word_1_232' title='bbox 1393 2787 1466 2852; x_wconf 90' lang='lat' dir='ltr'>pace</span> 
     </span>
     <span class='ocr_line' id='line_1_22' title="bbox 194 2884 1467 2968; baseline -0.002 -17"><span class='ocrx_word' id='word_1_233' title='bbox 194 2886 464 2966; x_wconf 84' lang='lat' dir='ltr'>conquieverunt:</span> <span class='ocrx_word' id='word_1_234' title='bbox 492 2884 650 2952; x_wconf 79' lang='lat' dir='ltr'>Conlucius</span> <span class='ocrx_word' id='word_1_235' title='bbox 679 2886 802 2968; x_wconf 78' lang='lat' dir='ltr'>perfecit</span> <span class='ocrx_word' id='word_1_236' title='bbox 832 2901 886 2949; x_wconf 91' lang='lat' dir='ltr'>sua</span> <span class='ocrx_word' id='word_1_237' title='bbox 918 2885 1058 2950; x_wconf 87' lang='lat' dir='ltr'>chronica</span> <span class='ocrx_word' id='word_1_238' title='bbox 1083 2892 1114 2950; x_wconf 89' lang='lat' dir='ltr'>et</span> <span class='ocrx_word' id='word_1_239' title='bbox 1143 2886 1305 2950; x_wconf 85' lang='lat' dir='ltr'>turbulenti</span> <span class='ocrx_word' id='word_1_240' title='bbox 1335 2885 1467 2949; x_wconf 90' lang='lat' dir='ltr'>ministri</span> 
     </span>
     <span class='ocr_line' id='line_1_23' title="bbox 194 2997 1465 3080; baseline -0.002 -17"><span class='ocrx_word' id='word_1_241' title='bbox 194 3000 408 3080; x_wconf 75' lang='lat' dir='ltr'>predonesque</span> <span class='ocrx_word' id='word_1_242' title='bbox 423 2999 560 3065; x_wconf 88' lang='lat' dir='ltr'>homines</span> <span class='ocrx_word' id='word_1_243' title='bbox 574 3000 761 3065; x_wconf 75' lang='lat' dir='ltr'>exterrelacti</span> <span class='ocrx_word' id='word_1_244' title='bbox 772 3006 851 3063; x_wconf 90' lang='lat' dir='ltr'>sunt.</span> <span class='ocrx_word' id='word_1_245' title='bbox 870 2998 996 3063; x_wconf 79' lang='lat' dir='ltr'>Carmen</span> <span class='ocrx_word' id='word_1_246' title='bbox 1006 2999 1069 3064; x_wconf 90' lang='lat' dir='ltr'>ait:</span> <span class='ocrx_word' id='word_1_247' title='bbox 1085 2998 1306 3064; x_wconf 79' lang='lat' dir='ltr'>«occidentales</span> <span class='ocrx_word' id='word_1_248' title='bbox 1315 2997 1465 3064; x_wconf 89' lang='lat' dir='ltr'>boreales·</span> 
     </span>
     <span class='ocr_line' id='line_1_24' title="bbox 194 3111 1467 3197; baseline 0.001 -22"><span class='ocrx_word' id='word_1_249' title='bbox 194 3128 253 3193; x_wconf 89' lang='lat' dir='ltr'>que</span> <span class='ocrx_word' id='word_1_250' title='bbox 271 3111 427 3188; x_wconf 88' lang='lat' dir='ltr'>barbaros,</span> <span class='ocrx_word' id='word_1_251' title='bbox 453 3114 509 3177; x_wconf 90' lang='lat' dir='ltr'>hos</span> <span class='ocrx_word' id='word_1_252' title='bbox 524 3113 695 3197; x_wconf 62' lang='lat' dir='ltr'>prodigere</span> <span class='ocrx_word' id='word_1_253' title='bbox 712 3114 795 3195; x_wconf 79' lang='lat' dir='ltr'>Kiug</span> <span class='ocrx_word' id='word_1_254' title='bbox 808 3120 839 3177; x_wconf 90' lang='lat' dir='ltr'>et</span> <span class='ocrx_word' id='word_1_255' title='bbox 853 3112 936 3176; x_wconf 82' lang='lat' dir='ltr'>dhou</span> <span class='ocrx_word' id='word_1_256' title='bbox 951 3127 1057 3196; x_wconf 77' lang='lat' dir='ltr'>regne,</span> <span class='ocrx_word' id='word_1_257' title='bbox 1084 3114 1148 3177; x_wconf 83' lang='lat' dir='ltr'>haec</span> <span class='ocrx_word' id='word_1_258' title='bbox 1165 3111 1331 3193; x_wconf 90' lang='lat' dir='ltr'>perdomui,</span> <span class='ocrx_word' id='word_1_259' title='bbox 1347 3118 1377 3177; x_wconf 92' lang='lat' dir='ltr'>et</span> <span class='ocrx_word' id='word_1_260' title='bbox 1393 3117 1467 3176; x_wconf 90' lang='lat' dir='ltr'>tune</span> 
     </span>
     <span class='ocr_line' id='line_1_25' title="bbox 195 3224 1466 3305; baseline -0.001 -15"><span class='ocrx_word' id='word_1_261' title='bbox 195 3242 283 3291; x_wconf 90' lang='lat' dir='ltr'>nemo</span> <span class='ocrx_word' id='word_1_262' title='bbox 294 3225 368 3290; x_wconf 90' lang='lat' dir='ltr'>mihi</span> <span class='ocrx_word' id='word_1_263' title='bbox 378 3241 469 3289; x_wconf 88' lang='lat' dir='ltr'>ausus</span> <span class='ocrx_word' id='word_1_264' title='bbox 479 3234 525 3291; x_wconf 89' lang='lat' dir='ltr'>est</span> <span class='ocrx_word' id='word_1_265' title='bbox 540 3228 716 3292; x_wconf 79' lang='lat' dir='ltr'>resistere.»</span> <span class='ocrx_word' id='word_1_266' title='bbox 734 3226 875 3290; x_wconf 72' lang='lat' dir='ltr'>carentes</span> <span class='ocrx_word' id='word_1_267' title='bbox 889 3232 974 3305; x_wconf 90' lang='lat' dir='ltr'>patre</span> <span class='ocrx_word' id='word_1_268' title='bbox 980 3232 1011 3290; x_wconf 90' lang='lat' dir='ltr'>et</span> <span class='ocrx_word' id='word_1_269' title='bbox 1018 3233 1154 3291; x_wconf 84' lang='lat' dir='ltr'>carentes</span> <span class='ocrx_word' id='word_1_270' title='bbox 1169 3225 1313 3305; x_wconf 86' lang='lat' dir='ltr'>principe,</span> <span class='ocrx_word' id='word_1_271' title='bbox 1326 3224 1415 3289; x_wconf 89' lang='lat' dir='ltr'>iidem</span> <span class='ocrx_word' id='word_1_272' title='bbox 1430 3240 1466 3289; x_wconf 90' lang='lat' dir='ltr'>ae</span> 
     </span>
     <span class='ocr_line' id='line_1_26' title="bbox 195 3337 1465 3423; baseline -0.002 -18"><span class='ocrx_word' id='word_1_273' title='bbox 195 3356 271 3421; x_wconf 91' lang='lat' dir='ltr'>quos</span> <span class='ocrx_word' id='word_1_274' title='bbox 285 3340 406 3404; x_wconf 85' lang='lat' dir='ltr'>Tcheou</span> <span class='ocrx_word' id='word_1_275' title='bbox 423 3341 487 3403; x_wconf 80' lang='lat' dir='ltr'>ltux</span> <span class='ocrx_word' id='word_1_276' title='bbox 502 3340 681 3423; x_wconf 81' lang='lat' dir='ltr'>profligavit.</span> <span class='ocrx_word' id='word_1_277' title='bbox 704 3342 768 3422; x_wconf 82' lang='lat' dir='ltr'>Ego</span> <span class='ocrx_word' id='word_1_278' title='bbox 778 3339 869 3402; x_wconf 89' lang='lat' dir='ltr'>etiam</span> <span class='ocrx_word' id='word_1_279' title='bbox 884 3339 970 3417; x_wconf 91' lang='lat' dir='ltr'>cupio</span> <span class='ocrx_word' id='word_1_280' title='bbox 985 3340 1114 3422; x_wconf 77' lang='lat' dir='ltr'>dirigere</span> <span class='ocrx_word' id='word_1_281' title='bbox 1130 3338 1284 3403; x_wconf 91' lang='lat' dir='ltr'>bominum</span> <span class='ocrx_word' id='word_1_282' title='bbox 1299 3337 1401 3413; x_wconf 90' lang='lat' dir='ltr'>corda,</span> <span class='ocrx_word' id='word_1_283' title='bbox 1413 3354 1465 3402; x_wconf 84' lang='lat' dir='ltr'>ex·</span> 
     </span>
     <span class='ocr_line' id='line_1_27' title="bbox 195 3451 1466 3536; baseline -0.002 -19"><span class='ocrx_word' id='word_1_284' title='bbox 195 3454 334 3536; x_wconf 77' lang='lat' dir='ltr'>tinguere</span> <span class='ocrx_word' id='word_1_285' title='bbox 345 3468 436 3532; x_wconf 87' lang='lat' dir='ltr'>prava</span> <span class='ocrx_word' id='word_1_286' title='bbox 446 3454 599 3536; x_wconf 81' lang='lat' dir='ltr'>dogmate,</span> <span class='ocrx_word' id='word_1_287' title='bbox 616 3468 804 3533; x_wconf 87' lang='lat' dir='ltr'>compescere</span> <span class='ocrx_word' id='word_1_288' title='bbox 820 3451 1130 3529; x_wconf 87' lang='lat' dir='ltr'>dissolutasactiones,</span> <span class='ocrx_word' id='word_1_289' title='bbox 1146 3452 1311 3532; x_wconf 87' lang='lat' dir='ltr'>propellere</span> <span class='ocrx_word' id='word_1_290' title='bbox 1324 3466 1466 3532; x_wconf 87' lang='lat' dir='ltr'>perversa</span> 
     </span>
     <span class='ocr_line' id='line_1_28' title="bbox 195 3562 1466 3649; baseline -0.002 -18"><span class='ocrx_word' id='word_1_291' title='bbox 195 3567 287 3643; x_wconf 92' lang='lat' dir='ltr'>dicta,</span> <span class='ocrx_word' id='word_1_292' title='bbox 309 3572 343 3629; x_wconf 87' lang='lat' dir='ltr'>ut</span> <span class='ocrx_word' id='word_1_293' title='bbox 362 3566 518 3630; x_wconf 87' lang='lat' dir='ltr'>succedam</span> <span class='ocrx_word' id='word_1_294' title='bbox 541 3566 636 3631; x_wconf 91' lang='lat' dir='ltr'>tribus</span> <span class='ocrx_word' id='word_1_295' title='bbox 650 3567 769 3630; x_wconf 78' lang='lat' dir='ltr'>montis</span> <span class='ocrx_word' id='word_1_296' title='bbox 792 3562 834 3649; x_wconf 78' lang='lat'>(3)</span> <span class='ocrx_word' id='word_1_297' title='bbox 856 3566 933 3644; x_wconf 85' lang='lat' dir='ltr'>:qut</span> <span class='ocrx_word' id='word_1_298' title='bbox 953 3581 1052 3630; x_wconf 87' lang='lat' dir='ltr'>amem</span> <span class='ocrx_word' id='word_1_299' title='bbox 1076 3565 1248 3645; x_wconf 81' lang='lat' dir='ltr'>disputaret</span> <span class='ocrx_word' id='word_1_300' title='bbox 1270 3580 1328 3648; x_wconf 74' lang='lat' dir='ltr'>ego</span> <span class='ocrx_word' id='word_1_301' title='bbox 1349 3580 1466 3643; x_wconf 86' lang='lat' dir='ltr'>nequeo</span> 
     </span>
     <span class='ocr_line' id='line_1_29' title="bbox 195 3676 1464 3762; baseline -0.002 -18"><span class='ocrx_word' id='word_1_302' title='bbox 195 3680 284 3745; x_wconf 85' lang='lat' dir='ltr'>alitor</span> <span class='ocrx_word' id='word_1_303' title='bbox 304 3677 410 3743; x_wconf 87' lang='lat' dir='ltr'>lacere.</span> <span class='ocrx_word' id='word_1_304' title='bbox 435 3678 491 3752; x_wconf 84' lang='lat' dir='ltr'>Qui</span> <span class='ocrx_word' id='word_1_305' title='bbox 506 3686 604 3761; x_wconf 89' lang='lat' dir='ltr'>potest</span> <span class='ocrx_word' id='word_1_306' title='bbox 624 3680 801 3760; x_wconf 86' lang='lat' dir='ltr'>disputando</span> <span class='ocrx_word' id='word_1_307' title='bbox 823 3678 980 3743; x_wconf 87' lang='lat' dir='ltr'>deturbare</span> <span class='ocrx_word' id='word_1_308' title='bbox 1003 3679 1091 3762; x_wconf 78' lang='lat' dir='ltr'>Yang</span> <span class='ocrx_word' id='word_1_309' title='bbox 1105 3686 1136 3743; x_wconf 88' lang='lat' dir='ltr'>et</span> <span class='ocrx_word' id='word_1_310' title='bbox 1150 3676 1209 3755; x_wconf 80' lang='lat' dir='ltr'>lle,</span> <span class='ocrx_word' id='word_1_311' title='bbox 1231 3683 1403 3742; x_wconf 88' lang='lat' dir='ltr'>sanctorum</span> <span class='ocrx_word' id='word_1_312' title='bbox 1418 3684 1464 3742; x_wconf 89' lang='lat' dir='ltr'>est</span> 
     </span>
     <span class='ocr_line' id='line_1_30' title="bbox 195 3771 1429 3873; baseline -0.002 -15"><span class='ocrx_word' id='word_1_313' title='bbox 195 3771 375 3873; x_wconf 62' lang='lat' dir='ltr'>discipulus,</span> <span class='ocrx_word' id='word_1_314' title='bbox 1428 3783 1429 3786; x_wconf 62' lang='grc'>’</span> 
     </span>
     <span class='ocr_line' id='line_1_31' title="bbox 257 3906 1466 3990; baseline 0.001 -21"><span class='ocrx_word' id='word_1_315' title='bbox 257 3907 308 3970; x_wconf 85' lang='lat' dir='ltr'>lli.</span> <span class='ocrx_word' id='word_1_316' title='bbox 331 3907 355 3969; x_wconf 84' lang='lat' dir='ltr'>n</span> <span class='ocrx_word' id='word_1_317' title='bbox 370 3907 435 3970; x_wconf 87' lang='lat' dir='ltr'>T‘si</span> <span class='ocrx_word' id='word_1_318' title='bbox 450 3906 570 3986; x_wconf 92' lang='lat' dir='ltr'>quidam</span> <span class='ocrx_word' id='word_1_319' title='bbox 586 3908 707 3990; x_wconf 78' lang='lat' dir='ltr'>li‘oanq</span> <span class='ocrx_word' id='word_1_320' title='bbox 722 3908 834 3989; x_wconf 80' lang='lat' dir='ltr'>ochang</span> <span class='ocrx_word' id='word_1_321' title='bbox 849 3906 891 3969; x_wconf 87' lang='lat' dir='ltr'>ait</span> <span class='ocrx_word' id='word_1_322' title='bbox 903 3926 910 3969; x_wconf 78' lang='grc' dir='ltr'><strong>ε</strong></span> <span class='ocrx_word' id='word_1_323' title='bbox 924 3907 1055 3971; x_wconf 88' lang='lat' dir='ltr'>concivis</span> <span class='ocrx_word' id='word_1_324' title='bbox 1070 3907 1186 3970; x_wconf 85' lang='lat' dir='ltr'>T‘chen</span> <span class='ocrx_word' id='word_1_325' title='bbox 1203 3907 1316 3987; x_wconf 74' lang='lat' dir='ltr'>tchong</span> <span class='ocrx_word' id='word_1_326' title='bbox 1330 3911 1388 3981; x_wconf 89' lang='lat' dir='ltr'>tse,</span> <span class='ocrx_word' id='word_1_327' title='bbox 1413 3907 1466 3985; x_wconf 87' lang='lat' dir='ltr'>qui</span> 
     </span>
     <span class='ocr_line' id='line_1_32' title="bbox 195 4016 1466 4103; baseline -0.002 -18"><span class='ocrx_word' id='word_1_328' title='bbox 195 4037 257 4085; x_wconf 92' lang='lat' dir='ltr'>non</span> <span class='ocrx_word' id='word_1_329' title='bbox 268 4025 394 4085; x_wconf 80' lang='lat' dir='ltr'>estvere</span> <span class='ocrx_word' id='word_1_330' title='bbox 404 4036 485 4100; x_wconf 79' lang='lat' dir='ltr'>pure</span> <span class='ocrx_word' id='word_1_331' title='bbox 495 4020 681 4085; x_wconf 81' lang='lat' dir='ltr'>abstinentia</span> <span class='ocrx_word' id='word_1_332' title='bbox 690 4020 751 4085; x_wconf 79' lang='lat' dir='ltr'>viri</span> <span class='ocrx_word' id='word_1_333' title='bbox 769 4019 841 4083; x_wconf 87' lang='lat' dir='ltr'>Gum</span> <span class='ocrx_word' id='word_1_334' title='bbox 852 4018 1022 4084; x_wconf 89' lang='lat' dir='ltr'>inhabitans</span> <span class='ocrx_word' id='word_1_335' title='bbox 1032 4020 1131 4083; x_wconf 89' lang='lat' dir='ltr'>vicum</span> <span class='ocrx_word' id='word_1_336' title='bbox 1141 4018 1186 4084; x_wconf 83' lang='lat' dir='ltr'>On</span> <span class='ocrx_word' id='word_1_337' title='bbox 1198 4019 1263 4102; x_wconf 78' lang='lat' dir='ltr'>ling</span> <span class='ocrx_word' id='word_1_338' title='bbox 1274 4016 1316 4103; x_wconf 78' lang='lat' dir='ltr'>(li</span> <span class='ocrx_word' id='word_1_339' title='bbox 1329 4024 1391 4084; x_wconf 89' lang='lat' dir='ltr'>tres</span> <span class='ocrx_word' id='word_1_340' title='bbox 1401 4020 1466 4084; x_wconf 90' lang='lat' dir='ltr'>dies</span> 
     </span>
    </p>
   </div>
   <div class='ocr_carea' id='block_1_3' title="bbox 192 4360 1465 4904">
    <p class='ocr_par' dir='ltr' id='par_1_3' title="bbox 192 4360 1465 4904">
     <span class='ocr_line' id='line_1_33' title="bbox 235 4360 1303 4464; baseline -0.001 -19"><span class='ocrx_word' id='word_1_341' title='bbox 235 4374 282 4457; x_wconf 83' lang='lat'>(2)</span> <span class='ocrx_word' id='word_1_342' title='bbox 303 4384 441 4446; x_wconf 88' lang='lat' dir='ltr'>Ordinem</span> <span class='ocrx_word' id='word_1_343' title='bbox 454 4402 504 4445; x_wconf 86' lang='lat' dir='ltr'>sou</span> <span class='ocrx_word' id='word_1_344' title='bbox 517 4383 693 4445; x_wconf 81' lang='lat' dir='ltr'>natureliom</span> <span class='ocrx_word' id='word_1_345' title='bbox 706 4402 757 4445; x_wconf 84' lang='lat' dir='ltr'>eeu</span> <span class='ocrx_word' id='word_1_346' title='bbox 768 4382 891 4444; x_wconf 76' lang='lat' dir='ltr'>uiridium</span> <span class='ocrx_word' id='word_1_347' title='bbox 900 4381 1006 4462; x_wconf 83' lang='lat' dir='ltr'>legum,</span> <span class='ocrx_word' id='word_1_348' title='bbox 1030 4382 1113 4444; x_wconf 78' lang='lat' dir='ltr'>aium</span> <span class='ocrx_word' id='word_1_349' title='bbox 1126 4360 1303 4464; x_wconf 78' lang='lat' dir='ltr'>interpretes.</span> 
     </span>
     <span class='ocr_line' id='line_1_34' title="bbox 196 4489 908 4578; baseline -0.004 -20"><span class='ocrx_word' id='word_1_350' title='bbox 196 4560 201 4565; x_wconf 82' lang='grc'>,</span> <span class='ocrx_word' id='word_1_351' title='bbox 234 4489 280 4565; x_wconf 77' lang='lat' dir='ltr'>le)</span> <span class='ocrx_word' id='word_1_352' title='bbox 299 4496 410 4578; x_wconf 78' lang='lat' dir='ltr'>Magno</span> <span class='ocrx_word' id='word_1_353' title='bbox 424 4494 480 4573; x_wconf 85' lang='lat' dir='ltr'>Yu,</span> <span class='ocrx_word' id='word_1_354' title='bbox 495 4496 612 4559; x_wconf 74' lang='lat' dir='ltr'>‘scheon</span> <span class='ocrx_word' id='word_1_355' title='bbox 626 4498 702 4559; x_wconf 83' lang='lat' dir='ltr'>Duei</span> <span class='ocrx_word' id='word_1_356' title='bbox 718 4506 748 4558; x_wconf 89' lang='lat' dir='ltr'>et</span> <span class='ocrx_word' id='word_1_357' title='bbox 762 4495 908 4558; x_wconf 80' lang='lat' dir='ltr'>Confusio.</span> 
     </span>
     <span class='ocr_line' id='line_1_35' title="bbox 234 4603 1465 4690; baseline -0.003 -16"><span class='ocrx_word' id='word_1_358' title='bbox 234 4603 280 4684; x_wconf 84' lang='lat'>(4)</span> <span class='ocrx_word' id='word_1_359' title='bbox 302 4611 347 4674; x_wconf 89' lang='lat' dir='ltr'>Ou</span> <span class='ocrx_word' id='word_1_360' title='bbox 360 4610 431 4690; x_wconf 82' lang='lat' dir='ltr'>ling,</span> <span class='ocrx_word' id='word_1_361' title='bbox 453 4610 586 4690; x_wconf 85' lang='lat' dir='ltr'>ignobilis</span> <span class='ocrx_word' id='word_1_362' title='bbox 609 4611 730 4673; x_wconf 88' lang='lat' dir='ltr'>loousiu</span> <span class='ocrx_word' id='word_1_363' title='bbox 753 4609 836 4670; x_wconf 80' lang='lat' dir='ltr'>Chen</span> <span class='ocrx_word' id='word_1_364' title='bbox 856 4618 929 4688; x_wconf 79' lang='lat' dir='ltr'>toug</span> <span class='ocrx_word' id='word_1_365' title='bbox 942 4632 951 4672; x_wconf 86' lang='lat' dir='ltr'>t</span> <span class='ocrx_word' id='word_1_366' title='bbox 965 4611 1106 4671; x_wconf 87' lang='lat' dir='ltr'>nuncsub</span> <span class='ocrx_word' id='word_1_367' title='bbox 1130 4610 1181 4670; x_wconf 85' lang='lat' dir='ltr'>Tei</span> <span class='ocrx_word' id='word_1_368' title='bbox 1205 4631 1263 4670; x_wconf 86' lang='lat' dir='ltr'>nun</span> <span class='ocrx_word' id='word_1_369' title='bbox 1284 4610 1465 4689; x_wconf 70' lang='lat' dir='ltr'>prefect-ura,</span> 
     </span>
     <span class='ocr_line' id='line_1_36' title="bbox 192 4700 1417 4816; baseline -0.005 -29"><span class='ocrx_word' id='word_1_370' title='bbox 192 4746 282 4809; x_wconf 81' lang='lat' dir='ltr'>prope</span> <span class='ocrx_word' id='word_1_371' title='bbox 296 4726 395 4787; x_wconf 89' lang='lat' dir='ltr'>urbem</span> <span class='ocrx_word' id='word_1_372' title='bbox 411 4724 534 4805; x_wconf 77' lang='lat' dir='ltr'>Tchang</span> <span class='ocrx_word' id='word_1_373' title='bbox 546 4725 621 4816; x_wconf 77' lang='lat' dir='ltr'>chen</span> <span class='ocrx_word' id='word_1_374' title='bbox 635 4705 696 4798; x_wconf 64' lang='lat' dir='ltr'>(fi</span> <span class='ocrx_word' id='word_1_375' title='bbox 716 4701 750 4789; x_wconf 74' lang='grc' dir='ltr'>ΙΠ</span> <span class='ocrx_word' id='word_1_376' title='bbox 771 4700 843 4798; x_wconf 48' lang='grc' dir='ltr'>ἢ),</span> <span class='ocrx_word' id='word_1_377' title='bbox 858 4723 897 4783; x_wconf 84' lang='lat' dir='ltr'>ad</span> <span class='ocrx_word' id='word_1_378' title='bbox 910 4722 1010 4803; x_wconf 81' lang='lat' dir='ltr'>uiginti</span> <span class='ocrx_word' id='word_1_379' title='bbox 1023 4724 1127 4799; x_wconf 76' lang='lat' dir='ltr'>stedia,</span> <span class='ocrx_word' id='word_1_380' title='bbox 1135 4724 1294 4786; x_wconf 86' lang='lat' dir='ltr'>libonotum</span> <span class='ocrx_word' id='word_1_381' title='bbox 1309 4741 1417 4783; x_wconf 83' lang='lat' dir='ltr'>versus.</span> 
     </span>
     <span class='ocr_line' id='line_1_37' title="bbox 275 4839 1383 4904; baseline -0.009 0"><span class='ocrx_word' id='word_1_382' title='bbox 275 4859 296 4904; x_wconf 88' lang='lat' dir='ltr'>tt</span> <span class='ocrx_word' id='word_1_383' title='bbox 1345 4839 1383 4896; x_wconf 79' lang='lat'>62</span> 
     </span>
    </p>
   </div>
   <div class='ocr_carea' id='block_1_4' title="bbox 0 0 1774 5652">
    <p class='ocr_par' dir='ltr' id='par_1_4' title="bbox 0 0 1774 5652">
     <span class='ocr_line' id='line_1_38' title="bbox 0 0 1774 5652; baseline 0 0"><span class='ocrx_word' id='word_1_384' title='bbox 0 0 1774 5652; x_wconf 95' lang='lat' dir='ltr'> </span> 
     </span>
    </p>
   </div>
  </div>
 </body>
</html>
