3524 5652
530 508 626 551 cnrcr
646 508 787 560 onnnrmt
801 524 842 537 -
854 509 929 551 nnus
948 510 1037 551 ennon
1366 497 1427 553 509

155 637 339 706 cognoscere
361 623 436 686 baec
455 621 512 688 dno
527 626 557 685 et
576 637 634 685 non
656 620 804 696 deserere,
826 622 851 683 is
867 628 913 685 est
930 642 937 686 :
955 622 1106 686 civilitatis
1126 621 1261 699 edoctus,
1279 623 1430 686 moderari

155 741 185 799 et
199 751 349 800 exornare
366 736 439 799 baec
457 734 527 810 duo,
551 734 664 799 scilicet
678 740 741 810 est;
765 735 896 803 musicae
915 735 1050 811 euectus,
1073 736 1213 799 delectari
1236 737 1283 799 bis
1298 736 1426 800 duobus.

157 849 186 912 Si
202 848 373 923 delecteris,
399 855 469 917 tunc
489 847 649 927 prodibunt
664 849 727 925 (1);
745 847 919 927 prodeuntia
936 864 1007 912 uero
1023 850 1073 929 qui
1090 856 1229 929 poterunt
1243 849 1399 928 comprimi
1418 868 1426 912 ε

156 978 216 1025 non
233 968 376 1041 poterunt
391 961 558 1042 comprimi,
576 967 647 1029 tunc
662 961 732 1044 quin
749 961 887 1027 advertas
902 963 991 1043 pedes
1011 962 1162 1026 saltabunt
1177 963 1240 1039 iila,
1263 978 1430 1042 manusque

157 1076 303 1156 piandent
316 1075 369 1139 iiia
384 1075 445 1152 (2).

215 1188 269 1253 28.
295 1189 440 1259 nennius
461 1189 503 1255 ait
520 1209 528 1252 :
545 1190 616 1257 dum
639 1188 797 1269 imperinm
822 1189 908 1253 vaide
932 1196 1118 1266 contentum,
1140 1189 1202 1269 lam
1224 1196 1303 1254 esset
1323 1189 1432 1269 seipsi
1470 1202 1479 1220 ·

158 1300 361 1380 subditurum,
388 1301 438 1385 qui
465 1303 626 1381 respiceret
655 1301 772 1381 imperii
800 1317 933 1367 amorem
961 1302 1075 1382 sibique
1099 1303 1312 1383 subjectionem
1338 1302 1432 1366 veluti

158 1414 308 1499 graminis
328 1415 464 1495 herbam,
488 1415 606 1485 nonnisi
621 1417 721 1480 dboen
737 1423 800 1484 erat
818 1414 989 1495 hujusmodi
1007 1436 1014 1479 :
1032 1416 1101 1496 quia
1117 1432 1176 1489 non
1192 1417 1288 1481 iniens
1302 1417 1432 1500 gratiam

157 1528 237 1608 apud
253 1536 405 1608 parentes,
423 1545 482 1594 non
499 1535 596 1609 potest
611 1528 726 1594 censeri
742 1530 850 1604 bomo;
867 1529 965 1610 impos
980 1531 1136 1594 secundari
1151 1546 1168 1593 e
1185 1530 1358 1610 parentibus
1372 1542 1382 1607 (
1408 1532 1430 1605 ),

158 1657 220 1706 non
231 1642 440 1722 potestuocari
452 1642 541 1707 iilius.
559 1643 659 1708 dboen
669 1643 808 1711 exhausit
822 1642 968 1709 serviendi
986 1643 1157 1723 parentibus
1172 1644 1305 1720 modum,
1323 1651 1353 1707 et
1366 1643 1433 1706 Kou

159 1770 232 1820 seon
248 1756 438 1834 pervenitad
457 1755 685 1837 jucunditatem.
707 1757 774 1820 Kou
796 1772 868 1822 seon
890 1757 1025 1837 peruenit
1046 1758 1082 1820 ad
1103 1757 1318 1836 jucunditatem
1335 1765 1365 1821 et
1378 1757 1433 1818 im·

159 1867 278 1948 perium
301 1883 481 1935 conuersum
497 1870 739 1938 est:1ionseou
759 1871 944 1950 pervenitad
963 1870 1190 1950 jucunditatem,
1214 1877 1245 1934 et
1259 1870 1289 1934 in
1309 1868 1434 1951 imperio

159 1982 210 2062 qui
225 1988 316 2050 erant
331 1990 431 2067 patres
447 1983 556 2067 filiique
578 1982 744 2051 confirmati
761 1990 841 2051 suot
866 1983 1042 2063 Huiusmodi
1063 1984 1171 2052 dicitur
1193 1999 1303 2069 magna
1326 1985 1431 2063 pietas.

585 2209 711 2286 Pane
739 2209 1016 2289 nosnnnwo.

222 2438 251 2500 1.
277 2436 426 2500 Mecinus
435 2436 478 2499 ait
490 2456 497 2500 ε
511 2436 611 2501 onoen
622 2442 711 2499 natus
720 2435 750 2499 iu
761 2436 866 2500 chou
876 2435 959 2518 song,
976 2436 1157 2518 nigravitin
1169 2438 1229 2501 dou
1240 2436 1302 2514 nia,
1319 2437 1436 2501 obiitin

162 2549 351 2632 diogenem
375 2548 565 2613 orientalium
580 2549 739 2616 confinium
755 2550 903 2627 dommi)
915 2566 924 2612 ε
937 2552 1015 2614 Wen
1031 2566 1083 2617 rex
1098 2557 1186 2614 natus
1200 2551 1230 2614 in
1247 2550 1297 2613 ii‘i
1315 2550 1431 2626 tcbeon,

164 2663 278 2728 obiitin
295 2662 330 2724 Pi
344 2679 423 2745 (ομ
441 2663 667 2742 occidentalium
683 2663 843 2727 confinium
860 2664 1016 2742 demoti).
1041 2663 1190 2746 Regiones
1204 2663 1331 2728 invicem
1347 2663 1437 2727 dieta·

163 2776 236 2841 bant
251 2775 338 2840 milie
352 2784 382 2840 ot
397 2776 526 2856 emplius
540 2776 650 2852 stadim
668 2776 877 2860 generationes
896 2778 1024 2842 invicem
1040 2776 1296 2857 subsequebantur
1310 2776 1392 2841 milio
1407 2781 1451 2839 ct·

164 2889 296 2969 amplius
322 2905 428 2953 annos.
458 2890 615 2969 compotes
641 2890 702 2954 voti
726 2896 855 2972 cgemnt
875 2890 905 2953 in
928 2890 1025 2955 modio
1049 2905 1155 2973 regno,
1181 2891 1273 2955 ueluti
1298 2891 1439 2954 cohaeret

165 3003 355 3083 compactilis
379 3003 568 3082 temerato).
596 3003 714 3071 Priores
735 3002 841 3079 sared,
866 3003 1045 3086 posteriores
1067 3004 1172 3083 sancti,
1198 3020 1303 3071 eorum
1325 3003 1439 3070 trutina

165 3132 224 3181 una
240 3122 289 3180 est
306 3118 364 3196 (7).

140 3492 143 3496 ⁴
165 3492 222 3554 Kie
235 3492 413 3571 profligavit.

202 3596 252 3679 (5)
274 3595 329 3666 K‘i
346 3606 458 3678 echon,
471 3625 549 3666 nuno
562 3587 604 3670 Β.
618 3614 648 3666 et
665 3581 860 3669 ffldiotriotuo
871 3607 903 3667 in
918 3605 1001 3668 Chen
1017 3606 1086 3667 Ken
1101 3583 1143 3671 Ui
1161 3580 1214 3667 fl*
1229 3605 1264 3666 Pi
1276 3627 1337 3685 yng
1352 3628 1439 3690 prope

166 3721 303 3798 antiques
322 3694 364 3781 1
377 3729 407 3780 et
421 3698 464 3782 fl
477 3720 507 3777 in
523 3719 554 3780 si
567 3738 645 3797 ngan
659 3720 717 3782 son.

205 3824 253 3901 (6)
275 3831 466 3910 Syngnaphue
482 3832 577 3910 τθςίιιε
601 3831 778 3910 sculpebntnr
791 3833 820 3892 in
832 3834 968 3911 jnnotnre
987 3833 1083 3895 sueilie
1101 3834 1207 3894 tabulae
1226 3834 1387 3911 onychinae,
1403 3836 1440 3895 ad

166 3946 254 4023 sigilli
276 3946 372 4005 inetur
385 3969 394 4007 e
408 3964 473 4023 pare
495 3945 614 4006 dextere
637 3946 833 4007 nerrcbetma
856 3948 989 4026 principe,
1012 3949 1127 4007 sinistra
1149 3948 1231 4007 alteri
1254 3949 1439 4024 tredebntm3

167 4073 293 4137 utreque
316 4058 439 4118 invicem
461 4057 605 4119 cohaerente
626 4059 710 4119 fldem
732 4060 862 4121 faciebat.
885 4059 1055 4134 Huiusmodi
1076 4061 1202 4137 sigillum
1227 4062 1383 4123 uocabatur
1398 4037 1440 4123 ff

169 4147 225 4244 εὖ,
248 4192 300 4233 sen
316 4180 424 4231 tonsore
436 4146 515 4244 (ἢ)
527 4189 591 4231 enm
612 4192 665 4232 eno
686 4174 875 4251 respondente
888 4149 978 4246 (Ἠ),
1002 4174 1039 4234 ad
1051 4172 1135 4234 fidem
1160 4174 1335 4251 probandam
1350 4172 1362 4242 (
1371 4151 1439 4248 ff),

167 4294 325 4364 utrumqne
338 4284 415 4345 onim
430 4284 485 4346 hoo
499 4285 667 4346 vocobulum
687 4285 834 4363 signifieat.
858 4286 931 4346 Erat
944 4295 1039 4347 entem
1054 4287 1214 4362 antiquitus
1228 4306 1244 4345 e
1255 4287 1368 4365 jaspide
1381 4288 1441 4366 ple·

167 4417 288 4476 rumque
301 4399 412 4459 factum
426 4419 434 4458 t
448 4397 498 4459 ned
510 4399 632 4459 exiebat
654 4400 741 4460 etiam
755 4419 793 4462 ex
806 4399 951 4473 bombosa,
975 4401 1058 4460 etsie
1071 4401 1146 4458 inter
1160 4400 1253 4460 varios
1273 4407 1395 4461 tenuem
1408 4402 1441 4463 in

168 4513 282 4591 praeviis
312 4514 389 4572 notis
411 4511 575 4590 descriptas,
599 4510 688 4573 metite
711 4512 760 4572 ille
777 4531 842 4589 quae
864 4515 893 4573 in
922 4513 1035 4574 teloniis
1056 4512 1121 4572 unni
1139 4520 1211 4580 erat,
1235 4512 1322 4573 etiem
1338 4487 1435 4577 Μ

169 4627 338 4685 vocabatur.

208 4731 256 4809 (ἶ)
275 4738 360 4801 Idem
373 4738 409 4799 de
421 4737 503 4800 relicuo
514 4738 701 4817 doctrinaque
711 4740 859 4817 judicium
