3672 5690
686 516 774 560 nunu
791 512 998 566 mounmrrns
1426 501 1481 561 tot

207 629 353 711 perlicere
367 645 413 708 se,
430 629 565 694 venerari
578 629 738 709 sapientes,
754 628 880 711 diligere
894 636 1044 709 parentes,
1059 630 1208 695 bonorare
1222 645 1349 712 magnos
1368 631 1480 713 magis·

207 749 317 819 tratas,
345 743 558 823 concorporari
582 744 756 827 gregalibus
780 743 937 818 ministris,
963 743 1056 807 tilium
1080 743 1190 811 habere
1213 750 1309 807 totum
1325 744 1504 831 populum,—

207 871 365 921 accersere
376 857 525 935 quoslibet
535 856 665 937 opifices,
679 856 804 922 comiter
816 862 942 921 tractare
955 856 1135 939 longinquos
1145 857 1293 932 homines,
1307 855 1407 921 lovere
1418 872 1482 920 om·

208 986 262 1034 nes
276 968 430 1034 vassallos
445 966 500 1055 (l).
531 970 644 1035 Excolit
659 987 704 1047 se,
721 977 793 1034 tunc
806 970 903 1033 virtus
917 969 1027 1046 stabit,
1052 977 1211 1034 veneratur
1234 969 1394 1049 sapientes,
1411 976 1484 1033 tunc

207 1083 361 1149 eximetur
374 1082 494 1162 dubiis,
510 1083 608 1166 diligit
621 1089 771 1163 parentes,
786 1090 857 1147 ωηο
867 1099 971 1148 omnes
985 1090 1085 1163 patres
1098 1083 1264 1163 fratresque
1276 1099 1335 1147 non
1346 1083 1483 1165 indigna·

207 1197 342 1273 buntur;
359 1195 490 1261 honorat
503 1212 629 1281 magnos
644 1197 850 1279 magistratus,
867 1203 939 1261 tunc
950 1213 1008 1262 non
1023 1196 1272 1271 hallucinabitur;
1290 1196 1375 1275 quasi
1390 1211 1482 1259 mem·

208 1310 261 1373 bra
272 1310 368 1375 babet
378 1317 491 1374 coetum
503 1310 722 1388 ministrorum,
734 1319 806 1374 tunc
816 1310 946 1390 proiecti
956 1311 1081 1375 reddent
1091 1309 1186 1374 officia
1196 1309 1378 1391 impensius3
1394 1310 1486 1374 babet

210 1422 305 1487 illium
320 1425 480 1503 populum,
497 1430 568 1490 ωηο
581 1425 709 1504 populus
732 1424 927 1500 excitabitur;
947 1422 1074 1488 accersit
1097 1423 1229 1503 opifices,
1245 1430 1318 1487 tunc
1331 1438 1402 1502 opes
1416 1423 1486 1486 usui

209 1535 379 1613 sufficient3
395 1535 525 1619 benigne
538 1537 646 1617 excipit
659 1538 801 1614 advenas,
814 1543 885 1601 tunc
895 1542 1023 1617 quatuor
1034 1538 1172 1619 regiones
1182 1537 1219 1600 ad
1229 1552 1297 1602 eum
1309 1542 1485 1601 converten-

92 1668 96 1675 ·
209 1657 279 1727 tur,
296 1649 381 1714 toret
394 1665 499 1714 omnes
513 1650 670 1727 vassallos,
687 1658 758 1715 ωηο
771 1650 930 1729 imperium
952 1648 1137 1715 reverebitur
1148 1665 1229 1715 eum.
1254 1651 1292 1714 Se
1305 1649 1486 1715 abstinentia

210 1761 385 1844 purificare,
401 1780 470 1828 cum
483 1764 592 1829 decoro
611 1764 733 1841 vestire,
755 1770 859 1829 contra
881 1764 1067 1828 honestatem
1081 1764 1155 1828 nibil
1169 1764 1306 1847 aggredi,
1321 1763 1351 1829 id
1365 1770 1414 1829 est
1425 1779 1485 1844 quo

211 1877 407 1957 componitur
419 1892 546 1956 persona
558 1897 566 1941 :
579 1879 728 1957 expellere
742 1878 922 1954 adulatores,
937 1892 1077 1942 amovere
1090 1880 1286 1957 voluptatem,
1304 1877 1486 1942 docciiacere

211 1990 333 2054 divitias
349 1996 381 2055 et
394 1991 626 2073 magnipendere
639 1991 793 2067 virtutem,
807 1991 893 2056 idest
906 2007 964 2070 quo
976 1990 1140 2055 incitantur
1153 1991 1302 2071 sapientes
1315 2011 1322 2053 :
1336 1992 1485 2056 bonorare

213 2120 340 2168 suorum
363 2103 553 2187 dignitatem,
576 2120 688 2187 augere
708 2120 832 2169 suorum
854 2105 978 2182 reditus,
994 2105 1171 2184 participare
1185 2120 1308 2168 suorum
1323 2119 1442 2169 amores
1454 2110 1487 2168 et

213 2216 292 2294 odia,
307 2217 340 2281 id
353 2223 401 2281 est
414 2232 474 2297 quo
486 2218 633 2283 excitatur
656 2224 813 2299 parentum
837 2233 922 2283 amor
937 2238 945 2280 ε
961 2217 1205 2283 administmmm
1228 2217 1394 2297 frequentia
1418 2218 1486 2282 lun·

214 2330 354 2414 gentium
377 2331 580 2410 missionibus,
595 2332 625 2396 id
638 2339 685 2399 est
697 2348 756 2413 quo
780 2331 949 2396 excitantur
971 2332 1074 2414 magni
1098 2332 1293 2415 magistratus
1310 2331 1486 2396 :exanimo

214 2443 306 2509 idere
319 2451 352 2509 et
364 2460 479 2527 angero
500 2461 618 2522 census,
634 2432 663 2511 id
678 2453 725 2511 est
737 2461 797 2525 quo
810 2446 982 2509 animantur
1006 2446 1152 2509 litterati:
1169 2451 1337 2527 opportuno
1351 2451 1486 2526 tempore

215 2571 378 2637 occupare,
389 2565 420 2623 et
430 2564 584 2623 attenuare
595 2560 718 2636 tributa,
729 2557 815 2623 idest
825 2575 884 2638 quo
895 2559 1042 2624 excitatur
1052 2559 1349 2638 populus:diurnum
1360 2573 1487 2622 examen

215 2679 467 2751 menstruumque
487 2671 734 2751 experimentum,
750 2678 781 2735 et
793 2673 936 2736 salarium
956 2671 1139 2751 respondens
1152 2672 1235 2752 operi
1251 2668 1308 2756 (i),
1323 2672 1352 2735 id
1366 2678 1413 2735 est
1426 2686 1486 2750 quo

215 2783 388 2848 excitantur
400 2784 520 2865 opifices
535 2804 543 2848 :
559 2788 698 2866 prosequi
710 2786 854 2851 abeuntes
866 2792 897 2851 et
910 2801 1067 2851 occurrere
1083 2786 1281 2862 venientibus,
1297 2786 1420 2849 laudare
1433 2785 1485 2849 bo-

216 2913 255 2960 na
268 2903 301 2961 et
313 2898 473 2980 indulgere
485 2913 545 2964 non
558 2900 727 2964 valentibus
740 2896 797 2984 (3),
812 2898 841 2963 id
854 2907 901 2966 est
913 2915 972 2981 quo
985 2899 1155 2963 mulcentur
1177 2899 1300 2963 advene
1322 2898 1484 2963 homines:

216 3011 396 3076 continuare
417 3011 585 3080 desinentes
607 3013 827 3096 generationes,
851 3013 967 3096 erigere
988 3012 1153 3077 deficientia
1166 3028 1271 3096 regna,
1288 3012 1487 3091 comprimere

217 3123 393 3203 seditiones,
420 3131 589 3192 sustentare
615 3126 828 3206 periclitantes,
853 3141 944 3208 agere
967 3125 1086 3191 comitia
1107 3133 1137 3190 et
1157 3126 1293 3205 excipere
1318 3125 1486 3207 legationes

215 3236 305 3316 juxta
319 3242 438 3318 tempus
452 3236 509 3324 (t),
525 3241 664 3321 opulente
685 3246 814 3306 tractare
834 3240 989 3315 abeuntes,
1005 3239 1238 3319 parcerecipere
1252 3237 1484 3315 evenientibus,

260 3437 306 3515 (l)
328 3446 366 3505 In
378 3445 434 3506 huo
447 3447 577 3525 congerie
591 3445 730 3524 porticula
744 3423 790 3507 ²&
801 3447 973 3522 οᾶηοωηοὶη,
982 3492 987 3504 .
996 3447 1075 3506 raris
1095 3446 1184 3505 inciso
1204 3465 1283 3522 teque
1303 3445 1485 3506 intercidens.

220 3531 263 3618 ΙΙ
278 3559 414 3638 exprimit
427 3560 561 3619 unionem
575 3560 676 3636 capitis
690 3579 755 3619 oum
770 3559 910 3620 membris.

261 3665 305 3748 (2)
331 3647 370 3733 ff
385 3680 469 3732 sonat
484 3646 548 3751 ἧς
581 3671 731 3751 gloriolam
745 3680 774 3732 et
788 3671 919 3733 lucellum
933 3680 1033 3733 smsnt
1048 3671 1166 3753 opifices.

262 3775 310 3854 (3)
331 3785 475 3862 Adjuvare
489 3794 677 3857 transeuntes,
691 3785 785 3846 fovere
800 3794 955 3845 manentes.

261 3888 309 3968 (t)
330 3898 489 3969 Quotannis
501 3899 592 3978 reguli
604 3919 655 3976 per
666 3898 793 3977 legatum
809 3889 998 3978 toparcham(
1010 3895 1057 3958 Te
1069 3891 1138 3968 fou)
1152 3901 1305 3961 mittebant
1318 3901 1401 3969 dona,
1417 3874 1484 3968 (³12

224 3985 294 4089 Hk
309 4032 422 4091 qnoque
436 4013 557 4071 triennio
571 4011 721 4071 solemnius
730 4032 781 4091 per
790 4013 870 4089 regni
885 4012 1045 4072 ministrum
1058 4002 1154 4085 (K‘in)
1167 4013 1305 4092 ampliora
1318 4013 1482 4085 mittebant,

224 4104 282 4194 (Ji
296 4101 369 4203 Hk
382 4144 495 4203 qnoque
507 4126 700 4203 quinquennio
713 4126 767 4204 ipsi
781 4126 900 4185 odibant
913 4126 1112 4204 imperatorem
1127 4100 1203 4197 (ὓ).

225 4277 291 4386 (iffi
319 4303 396 4380 Ymet,
414 4305 536 4366 obviare
557 4287 627 4392 iffi,
643 4305 690 4367 Ire
703 4305 741 4366 od
754 4306 839 4367 dedu·
870 4282 938 4394 (ᾗ
968 4293 1094 4380 T‘onuo,
1121 4310 1200 4385 regia
1227 4309 1305 4368 curis
1338 4330 1346 4371 ε
1376 4309 1485 4369 curiam
1520 4356 1526 4365 .

319 4420 450 4482 cendum.
965 4421 1051 4482 adire.
1068 4420 1183 4493 Teneo,
1197 4441 1289 4482 mane
1303 4425 1340 4483 R.
1358 4423 1405 4483 74.

240 4508 303 4724 ἒ)
319 4534 418 4609 Τωυῄ
432 4534 582 4613 proscidere
596 4555 604 4593 ε
618 4515 752 4596 maxime
881 4509 953 4619 Q)
964 4521 1059 4608 P‘nto,
1072 4536 1232 4613 inquirere:
1242 4553 1308 4595 oum
1322 4535 1486 4595 muneribus

227 4684 239 4725 (
318 4636 424 4721 T‘cmr,
444 4655 542 4709 unere
556 4669 565 4707 r
577 4665 698 4708 serrare.
965 4646 1483 4726 invitarezrcgulorumedimpcrsto·

229 4734 291 4849 (ᾖ
319 4761 397 4839 Wun,
411 4760 578 4843 periculum.
593 4762 629 4821 R.
643 4765 690 4824 ib
745 4750 748 4758 ’
953 4782 1027 4841 Ιτοηη
1041 4762 1174 4842 allegatio
1189 4761 1355 4842 :sponsales
1368 4760 1472 4821 mhae.

1366 4875 1404 4934 25
