3574 5666
571 510 734 554 musarum
755 510 945 555 armonedum
966 512 1054 555 amna
1381 499 1437 556 101

170 622 346 688 dominatus
370 623 599 689 successionem.
621 658 666 670 -
681 623 783 705 T‘ang
804 624 946 707 dynastiae
969 625 1034 690 Kao
1059 640 1123 690 tsou
1145 626 1246 691 eduxit
1270 626 1440 709 legitimum

171 738 353 815 exercitum,
369 738 497 802 abolevit
512 737 580 801 Soei
593 737 943 821 dynastiaeturbutiones,
956 745 987 802 et
998 737 1069 818 jecit
1082 740 1167 821 regni
1181 740 1383 805 fundamenta.
1395 774 1441 786 —

172 851 245 914 Pmt
272 850 384 933 viginti
412 850 616 915 successiones
631 830 698 930 'per
724 856 874 916 trecentos
900 866 1006 929 annue,
1043 853 1146 935 Leang
1171 853 1318 917 destruxit
1342 854 1439 929 illam,

174 979 366 1046 regnumque
380 972 450 1028 tunc
463 964 654 1028 immutatum
668 970 723 1027 est.
751 964 902 1044 Siquidem
925 965 1038 1048 baurg,
1061 966 1174 1049 T‘ang,
1198 966 1269 1031 Tsiu
1292 982 1360 1029 cum
1376 967 1441 1028 llan

175 1083 206 1142 et
223 1078 359 1155 cheou,
380 1084 494 1143 vocatae
513 1079 643 1157 quinque
664 1077 817 1161 dynastia,
841 1094 945 1144 omnes
966 1079 1134 1143 babuerunt
1156 1079 1282 1162 originis
1305 1095 1439 1143 caumm.

176 1192 329 1274 -Ignea
352 1192 434 1274 Song
456 1191 596 1268 surrexit,
621 1191 790 1271 recepitque
812 1191 932 1256 Tebeou
956 1193 1138 1270 cessionem;
1154 1199 1185 1256 at
1199 1199 1266 1272 post
1279 1192 1443 1256 octodecim

178 1305 393 1383 successiones,
409 1304 548 1369 meridies
560 1311 591 1368 et
604 1304 766 1385 septentrio
788 1305 941 1371 commixti
962 1312 1042 1369 sunt.
1075 1306 1289 1386 Septemdecim
1311 1306 1444 1370 historiae

178 1418 304 1501 integre
318 1418 433 1482 suntin
447 1418 495 1481 bis
511 1438 519 1481 ε
535 1417 689 1481 continent
701 1418 812 1487 bonnm
834 1420 968 1501 regimen
982 1426 1012 1483 et
1026 1419 1189 1495 turbatum,
1206 1427 1239 1483 ut
1253 1419 1331 1483 scias
1343 1426 1444 1484 ortum

179 1539 211 1595 et
223 1547 364 1596 occasum
378 1546 542 1614 regnomm
558 1527 613 1615 (1).
632 1531 760 1595 studens
769 1533 901 1597 bistnriis
914 1539 1049 1598 scrutare
1062 1533 1191 1598 ueridica
1205 1533 1327 1615 scripta,
1343 1532 1445 1613 sicque

178 1644 331 1727 intelliges
351 1645 473 1725 antiqua
487 1651 517 1708 et
531 1645 671 1719 recentia,
696 1646 779 1724 quasi
801 1646 929 1727 propriis
951 1662 1089 1711 cerneres
1110 1646 1216 1710 oculis.

220 1757 279 1822 Ore
289 1759 410 1837 quidem
421 1758 539 1835 recites,
553 1758 640 1823 corde
651 1764 751 1823 autern
761 1760 896 1836 rumina3
913 1774 1001 1824 mane
1011 1760 1052 1823 sis
1062 1760 1093 1823 in
1103 1759 1151 1837 iis,
1164 1774 1286 1840 vespere
1298 1759 1339 1822 sis
1352 1758 1383 1822 in
1393 1758 1443 1822 iis.

180 1870 260 1935 Olim
280 1871 440 1937 Gonlucius
453 1871 626 1935 imitabatur
640 1871 739 1954 Hiang
753 1877 837 1937 t‘ouo
858 1869 902 1958 (2)
919 1893 927 1936 :
950 1871 1135 1953 antiquitatis
1148 1879 1270 1938 sanctus
1284 1878 1314 1937 et
1327 1871 1446 1951 sapiens

179 1985 279 2049 adbuc
292 1984 482 2049 incumbebat
493 1984 601 2049 studio.
622 1985 723 2049 chao
735 1987 836 2068 regius
846 1986 993 2063 minister,
1003 1986 1141 2079 studebat
1150 1986 1236 2070 regni
1250 1986 1312 2051 Lou
1327 1992 1445 2049 senten·

181 2097 231 2162 tiis
247 2117 255 2161 :
271 2097 324 2163 ille
335 2098 398 2178 jam
409 2098 604 2180 magistratus
618 2097 750 2163 discebat
763 2105 793 2163 et
807 2105 869 2162 tam
879 2100 1038 2182 diligenter
1053 2096 1109 2182 (3).
1132 2101 1257 2165 &unm
1268 2101 1366 2183 typbee
1376 2097 1447 2162 lolia

179 2211 349 2288 innectens,
365 2218 396 2276 et
408 2211 547 2276 abrasum
560 2211 735 2276 bambusem
759 2212 935 2290 inscribens,
962 2213 1005 2277 illi
1019 2213 1161 2278 carebant
1183 2213 1279 2290 libris,
1302 2217 1446 2278 ettamen

181 2325 336 2389 sciverunt
350 2326 422 2390 eniti
437 2322 493 2409 (4).
517 2325 611 2405 caput
623 2325 807 2405 suspendens
816 2326 904 2404 trabi,
920 2332 950 2390 et
964 2326 1069 2390 subula
1082 2342 1220 2409 pungens
1242 2325 1444 2401 coxendicem,

179 2438 238 2515 illi,
261 2439 347 2504 nullo
367 2439 521 2516 edocente,
546 2438 666 2518 ipsimet
679 2438 839 2521 diligentie
857 2440 1032 2504 addiderunt
1049 2439 1183 2505 dolorem
1199 2435 1255 2523 (5).
1279 2439 1361 2503 Sicut
1375 2452 1447 2519 pera

181 2552 349 2617 recondens
373 2552 564 2636 lampyridcs,
590 2551 668 2615 sicut
681 2551 836 2617 retlectens
849 2553 1007 2630 adnivem,
1024 2553 1104 2616 dorni
1121 2553 1192 2618 licet
1205 2568 1360 2632 pauperes,
1386 2551 1447 2614 edi·

181 2680 268 2729 scere
281 2682 342 2730 non
356 2666 538 2731 desistebant
552 2661 608 2750 (6).
633 2665 716 2729 Sicut
734 2675 857 2746 portans
873 2666 967 2750 ligna,
1002 2667 1080 2731 sicut
1096 2668 1265 2747 appendens
1273 2667 1311 2730 ad
1321 2679 1445 2741 cornua,

223 3022 498 3108 (lisseptcmdecim
526 3029 658 3103 hmtnrioe,
683 3049 700 3088 a
719 3028 836 3089 celebras
858 3030 895 3090 Se
907 3051 957 3088 ma
969 3031 1043 3090 toron
1064 3030 1199 3090 historico
1217 3026 1374 3089 memoriali
1407 3005 1444 3091 Ε

184 3124 247 3217 Ε,
271 3162 359 3220 nsque
373 3144 409 3204 ad
422 3143 542 3221 expoliti
564 3143 666 3220 Ngeou
692 3162 771 3220 yang
791 3143 869 3201 eicon
902 3145 938 3202 de
966 3130 1088 3222 T‘ang(
1075 3119 1215 3214 (iffi
1203 3133 1259 3208 iet
1272 3143 1307 3202 de
1320 3142 1448 3219 quinque

183 3257 327 3335 dynastiis
343 3256 477 3316 historiae
490 3235 554 3327 (ᾗ
569 3233 611 3317 ii
629 3237 697 3323 ἢ).

226 3362 273 3441 (2)
294 3356 430 3447 Hiang‘
408 3379 421 3429 t
431 3388 494 3442 ouo,
507 3370 667 3447 ingeniosus
680 3389 762 3446 regni
753 3368 840 3428 Lou
854 3389 932 3448 puer,
946 3372 1088 3448 septennis
1105 3369 1167 3447 jam
1181 3369 1302 3429 docebat
1317 3366 1449 3429 Ooniuci·

184 3504 246 3557 um,
259 3483 311 3560 qui
323 3483 377 3543 sub
390 3482 450 3560 ejus
464 3482 612 3560 disciplina
625 3503 656 3543 se
668 3483 706 3542 ud
718 3483 889 3558 sapientiam
905 3484 1059 3544 excitabat.

225 3587 273 3669 (3)
303 3595 384 3674 Song
406 3596 547 3675 dynastia
569 3597 698 3659 minister
722 3570 766 3656 Ε
782 3572 831 3667 Ε,
854 3595 967 3657 dicebat
988 3615 1019 3656 se
1039 3616 1103 3656 cnm
1126 3596 1219 3655 medio
1238 3595 1310 3656 libro
1327 3595 1450 3655 Senten-

186 3711 295 3770 tiarum
318 3711 459 3786 adjuvisse
481 3708 648 3770 defunctum
673 3726 768 3787 regem
787 3687 900 3784 iifl,
914 3730 977 3769 cum
997 3711 1091 3769 medio
1105 3710 1204 3787 juvare
1225 3716 1393 3787 presentem
1410 3684 1452 3769 1(

189 3801 231 3886 Ε
247 3846 255 3883 z
274 3798 312 3884 ‘i'
329 3797 380 3897 θ,
403 3810 509 3883 scilicet
528 3798 565 3885 ss
586 3798 692 3896 Εθ,
716 3840 781 3882 cum
798 3842 833 3882 co
856 3824 999 3903 temporis,
1024 3841 1185 3903 supremum
1207 3821 1335 3882 tribunal
1352 3796 1389 3883 ss
1407 3796 1449 3882 Ε

190 3912 233 4002 3ss
247 3935 350 3996 soleret
363 3936 507 4013 appellari.

226 4041 275 4122 (4)
301 4028 342 4109 Ε
359 4028 401 4113 Ε
419 4026 476 4124 Ε,
501 4069 517 4109 e
543 4050 676 4127 dynastia
697 4049 775 4121 Han,
798 4069 863 4108 cnm
878 4049 915 4109 ob
939 4058 1135 4129 paupertatem
1157 4069 1249 4110 emere
1273 4068 1331 4107 non
1354 4054 1451 4125 posset

187 4163 294 4226 librum
303 4161 470 4236 Annalium
483 4163 553 4221 dum
565 4169 692 4242 pasceret
705 4182 781 4233 oves,
792 4161 861 4222 solia
873 4164 1028 4224 connexuit
1042 4171 1072 4224 et
1085 4162 1189 4223 librum
1201 4161 1384 4241 mansmipeit.
1407 4134 1450 4218 ἆ)

189 4253 231 4339 Ε
246 4251 310 4351 ii,
323 4277 393 4337 dum
405 4276 666 4354 quinquagenarius
688 4284 816 4354 parceret
831 4295 930 4355 porcos
945 4280 976 4339 in
989 4277 1167 4351 amndineto,
1187 4277 1295 4337 abrasae
1308 4273 1452 4334 bambnace

187 4390 331 4470 inscripsit
345 4388 487 4450 Chronica
505 4389 688 4452 Confuciana.
721 4404 724 4408 ’

226 4497 272 4578 (5)
303 4478 345 4565 Ε
371 4478 413 4575 Ε
439 4522 564 4585 arogno
587 4480 646 4577 ἒ,
668 4523 706 4563 ne
729 4523 830 4565 somno
851 4505 1063 4584 opprimeretur,
1085 4511 1173 4591 capnt
1195 4502 1271 4564 trabi
1293 4498 1448 4582 alligabat3

189 4593 232 4687 ff
245 4594 287 4682 ᾗ
302 4637 373 4679 vero
385 4616 489 4681 subula
503 4639 536 4681 ue
548 4620 701 4697 pungebat.

222 4724 266 4809 (6)
287 4708 331 4798 ῌ
348 4702 392 4797 Ε
407 4728 510 4803 cTsin
525 4708 576 4806 ἓ,
590 4707 674 4795 ciffi
690 4706 745 4807 Ε,
758 4734 799 4797 sic
812 4731 867 4795 olei
879 4731 1020 4797 defectam
1034 4729 1211 4819 supplebant.
