3572 5650
350 509 388 571 74
843 524 941 565 noran
963 524 1112 565 renarras:

390 651 533 729 Togarum
555 650 687 708 varietati
706 656 801 708 cetera
822 649 939 706 restitus
960 648 1073 725 propria
1093 648 1309 726 respondebant,
1330 647 1484 726 cingulum,
1507 647 1608 722 calcei,

348 764 490 842 genualia,
504 777 681 831 ornamenta,
693 772 777 839 atque
788 762 925 839 imprimis
938 761 1038 839 capitis
1050 769 1256 839 tegumentum,
1268 761 1343 838 quod
1353 763 1390 821 ad
1400 761 1504 841 triplex
1518 783 1609 841 genus

347 879 471 937 revocari
486 886 588 955 potest,
602 876 762 948 sacrificum,
775 864 923 953 pelliceum
938 882 1021 950 atque
1036 873 1164 945 linteum,
1178 894 1227 934 scu
1242 875 1353 947 tiaram,
1367 875 1506 934 eudonem
1518 886 1608 955 atque

346 990 460 1069 pileum.
491 991 617 1061 Tiaram,
630 1009 713 1067 quam
738 989 797 1047 His
817 990 898 1046 cbeoa
915 966 969 1051 <llil
982 997 1011 1047 ct
1029 987 1193 1064 Changlrin
1207 958 1259 1049 (ἦ
1272 986 1472 1065 appellaverat,
1488 989 1607 1052 Tcheou

347 1103 458 1163 vocavit
473 1106 544 1161 namn
558 1077 611 1163 ‘fl
626 1111 712 1179 atque
725 1101 821 1161 insulis
835 1102 959 1161 adauxit.
989 1101 1061 1177 Ejus
1074 1110 1173 1178 captus
1187 1122 1203 1161 e
1218 1102 1276 1161 tela
1298 1101 1446 1174 conflatus,
1471 1103 1607 1165 adversus

346 1217 461 1294 quidem
475 1217 621 1289 rotundus,
636 1222 750 1274 aversus
763 1225 860 1275 autem
873 1214 1034 1291 quadratus,
1049 1214 1250 1291 quadrangula
1267 1213 1379 1274 tabella
1394 1216 1607 1293 subjiciebatur,

346 1330 377 1388 in
391 1330 515 1388 anticam
536 1339 647 1407 partem
669 1327 799 1387 nonnihil
820 1327 973 1398 inclinatio,
987 1347 1024 1387 ex
1037 1326 1114 1404 cujus
1130 1329 1265 1388 extremis
1278 1328 1342 1386 dura
1355 1328 1518 1407 pendebant
1531 1331 1608 1391 inlu·

345 1440 438 1500 larum
458 1443 552 1501 series.
581 1442 768 1518 Unaquaeque
783 1443 867 1501 series
888 1452 952 1500 oeto
972 1441 1087 1519 pollices
1099 1441 1169 1512 lata,
1185 1445 1221 1501 12
1237 1444 1315 1502 autb
1330 1453 1381 1501 aut
1394 1442 1412 1502 7
1426 1450 1476 1501 aut
1491 1446 1509 1503 6
1523 1454 1573 1503 ant
1587 1449 1606 1505 5

346 1563 397 1614 aut
407 1557 424 1613 3
433 1533 530 1613 etalii
540 1555 712 1627 continebat,
727 1556 867 1614 sexdecim
882 1555 995 1634 pollices
1008 1553 1119 1632 prolixa
1127 1555 1311 1615 etduodecim
1325 1554 1475 1633 gemmulis
1488 1557 1605 1629 inserta,

345 1666 400 1727 filis
413 1644 496 1737 (ἢ)
512 1678 595 1743 atque
619 1669 740 1745 gemmis
753 1652 834 1738 (Ξ)
848 1669 978 1744 quinario
1001 1667 1093 1726 colore
1116 1668 1201 1727 variis
1215 1690 1222 1726 r
1247 1677 1277 1727 at
1290 1668 1320 1726 in
1335 1669 1492 1747 principum
1515 1670 1606 1743 tiaris,

346 1779 391 1840 vel
405 1801 505 1842 uorem
517 1780 564 1840 fila
573 1802 637 1840 eum
651 1801 753 1841 norem
767 1783 896 1859 gemmis,
908 1780 952 1840 vel
962 1792 1070 1859 septem
1079 1779 1201 1841 filacum
1214 1789 1322 1859 septem
1336 1782 1462 1858 gemma,
1476 1782 1522 1841 vel
1535 1802 1608 1860 qna·

345 1902 410 1952 tuor
422 1894 469 1954 fila
482 1915 545 1954 eum
567 1903 630 1954 octo
648 1895 780 1972 gemmis,
795 1896 839 1954 vel
852 1895 974 1977 quinque
987 1894 1034 1953 fila
1046 1914 1112 1953 cum
1133 1895 1255 1971 quinque
1277 1895 1407 1972 gemmis,
1422 1894 1466 1955 rel
1481 1905 1607 1972 quatuor

344 2005 391 2067 fila
402 2028 465 2067 cum
480 2017 599 2085 quatuor
612 2008 732 2085 gemmis
745 2009 918 2080 continebat,
932 2014 962 2066 et
974 2008 1019 2066 fila
1032 2015 1115 2083 atque
1128 2027 1250 2085 gemmae
1264 2009 1350 2067 trium
1364 2015 1446 2068 erant
1466 2008 1606 2070 colorum.

346 2121 530 2199 Imperatoris
550 2141 617 2198 ergo
639 2121 734 2180 infulis
747 2141 798 2180 sex
812 2132 894 2180 erant
913 2121 1035 2193 ordines,
1049 2121 1078 2178 in
1094 2121 1248 2198 principum
1274 2140 1339 2180 vero
1352 2120 1457 2194 infulis,
1479 2124 1606 2200 quinque

345 2235 466 2294 ordines.
485 2267 525 2280 -
541 2233 672 2294 Ceterum
698 2237 772 2294 tiara
798 2235 967 2311 quandoque
981 2233 1102 2310 simplex
1115 2243 1186 2306 erat,
1200 2235 1262 2293 sine
1276 2233 1404 2312 pendulis
1426 2237 1554 2311 gemmis,
1572 2246 1606 2297 ut

344 2369 408 2411 cum
419 2348 540 2423 simplici
552 2349 744 2406 ministrorum
754 2356 830 2425 togae
840 2346 1001 2407 sociabatur
1014 2323 1075 2418 (Ξ
1093 2321 1162 2420 ἦ),
1175 2356 1204 2407 et
1218 2356 1287 2406 tunc
1299 2368 1317 2404 a
1330 2347 1454 2423 quodam
1469 2348 1544 2427 pileo
1553 2352 1606 2410 taio

341 2465 415 2542 pieri,
443 2434 493 2522 fit
508 2438 560 2522 dl)
576 2460 620 2519 rel
637 2436 677 2521 ‘ff
692 2438 735 2522 ll
749 2481 796 2520 seu
819 2461 972 2539 passeriae,
996 2460 1148 2539 appellato,
1172 2460 1244 2519 nihil
1268 2460 1424 2525 differebat.
1449 2462 1505 2521 nisi
1527 2465 1606 2538 quod

343 2576 469 2655 superior
482 2574 588 2634 tabella
601 2575 631 2632 in
645 2576 719 2632 tiara
732 2572 832 2652 pollice
845 2574 1037 2651 propenderet,
1051 2575 1080 2632 in
1095 2573 1168 2651 pileo
1180 2593 1245 2633 vero
1259 2593 1341 2651 aequa
1353 2576 1519 2634 consisteret
1535 2598 1542 2635 r
1556 2579 1606 2655 qui

343 2689 434 2769 pileus
447 2670 505 2758 (bil
524 2665 588 2755 ll)
611 2687 675 2745 ideo
698 2688 855 2764 passerinus
878 2687 931 2746 sub
946 2686 1060 2746 Tcheou
1086 2696 1209 2757 vocatus,
1223 2689 1301 2763 qnod
1322 2686 1388 2746 licet
1401 2708 1417 2746 e
1430 2686 1494 2747 telis
1517 2691 1607 2750 rubra

343 2804 455 2863 vernice
469 2802 548 2861 illitis
570 2808 721 2873 constaret,
745 2799 858 2859 macula
872 2808 968 2858 tamen
981 2801 1073 2876 nigra,
1087 2799 1248 2859 claviculae
1269 2802 1363 2878 eaput,
1387 2810 1603 2881 aspergeretur3

343 2925 375 2977 at
387 2917 441 2975 sub
455 2916 592 2993 prioribus
606 2915 745 2989 dynastiis
758 2921 835 2973 totns
848 2914 929 2988 niger
942 2922 1012 2985 erat,
1027 2923 1055 2971 et
1068 2914 1120 2973 sub
1134 2913 1194 2972 Hia
1205 2892 1245 2974 ff
1260 2886 1310 2986 lg,
1321 2913 1374 2972 snb
1389 2913 1492 2990 Chang
1507 2891 1549 2975 Ξ
1562 2894 1605 2981 ff

343 3029 494 3089 dicebatur.
510 3028 617 3087 Praeter
630 3026 704 3085 hunc
717 3027 773 3086 duo
784 3026 923 3086 extabant
936 3048 951 3085 e
966 3027 1048 3101 nigra
1061 3026 1119 3085 tela
1133 3027 1215 3104 pilei;
1230 3027 1302 3086 alter
1316 3006 1358 3086 ff
1371 3003 1423 3097 iii,
1438 3028 1488 3102 qni
1501 3029 1606 3089 ecolo-

342 3164 382 3215 re,
390 3118 432 3204 Ξ
442 3122 494 3213 ff,
502 3151 531 3200 et
540 3141 733 3200 amnsistendi
745 3139 854 3198 vultum
866 3159 923 3209 usu,
932 3119 975 3203 Z
988 3115 1121 3200 ffletiam
1133 3141 1295 3214 dicebatur,
1306 3139 1379 3199 alter
1387 3117 1428 3202 lb
1439 3118 1479 3201 ᾗ
1491 3122 1542 3213 ff,
1553 3145 1604 3220 qni

341 3257 425 3315 initio
438 3255 576 3313 oliendice
588 3254 709 3313 caruisse
721 3254 832 3312 dicitur.
853 3288 894 3299 -
914 3252 1045 3312 Tandem
1058 3253 1182 3312 eudones
1201 3255 1271 3313 item
1284 3253 1340 3311 duo
1354 3262 1445 3326 erant,
1462 3256 1606 3316 coriaceus

345 3342 449 3441 fiff,
460 3388 495 3426 ex
508 3365 587 3426 aluta
601 3366 759 3437 miniatnla,
769 3369 887 3443 gemmis
896 3367 1050 3440 decoratus,
1062 3375 1091 3425 et
1101 3365 1234 3444 pelliceus
1249 3343 1286 3426 ll}
1299 3342 1350 3438 ii‘,
1362 3386 1399 3426 ex
1410 3344 1476 3427 alba
1489 3371 1605 3430 cervina

341 3481 424 3560 pelle,
439 3481 584 3540 duodecim
599 3480 713 3558 pollices
726 3479 809 3552 altus,
825 3490 980 3539 suturarum
996 3481 1153 3539 interstitiis
1169 3489 1335 3556 gemmatus.
1357 3479 1433 3539 Turn
1444 3482 1526 3553 tiara,
1539 3491 1605 3542 tum

342 3593 417 3673 pilei,
432 3594 569 3654 obaudies
590 3602 687 3652 mento
708 3593 936 3671 subligabantu13
961 3594 1033 3651 vitta
1047 3567 1131 3663 (ill)
1145 3594 1250 3652 seilicet
1264 3612 1313 3670 per
1327 3613 1415 3667 genas
1426 3594 1557 3667 deducta,
1572 3597 1605 3656 in

341 3708 447 3767 nodum
460 3708 512 3767 sub
528 3716 624 3765 mento
636 3705 780 3782 ligabatur
794 3688 855 3778 (Q
865 3700 884 3779 l,
898 3715 928 3765 et
941 3707 1005 3765 dein
1019 3708 1049 3765 iu
1063 3708 1133 3767 duas
1144 3705 1268 3767 fimbrias
1282 3680 1367 3776 (ἕξ)
1381 3707 1530 3767 defluebat.

381 3821 517 3898 Magnum
532 3820 677 3894 cingulum
687 3811 700 3888 (
709 3800 750 3885 J<
758 3797 802 3884 ᾖ
809 3814 831 3893 ),
839 3830 959 3898 quatuor
974 3819 1086 3896 pollices
1099 3820 1198 3893 latum,
1211 3821 1268 3880 albi
1278 3819 1378 3878 coloris
1388 3817 1469 3891 erat(
1479 3793 1520 3884 {s}
1530 3796 1573 3884 ff
1582 3816 1604 3895 ),

341 3935 427 3994 rubro
448 3934 536 3993 limbo
548 3908 612 4002 (lli
626 3907 690 3998 ἃ)
703 3943 733 3994 et
753 3937 861 3994 ornatis
885 3933 1021 3993 extremis
1035 3910 1096 4002 (lbi
1112 3906 1158 3993 il:
1171 3933 1214 3992 rel
1230 3910 1271 3993 ld
1289 3907 1350 3998 ff)
1364 3955 1372 3990 a
1387 3941 1418 3991 at
1438 3934 1605 4010 imperatori

341 4048 435 4119 rubro,
449 4047 553 4123 regulis
568 4066 633 4104 vero
646 4044 710 4105 albo
724 4047 816 4107 colore
830 4049 996 4122 subactum,
1011 4046 1153 4125 toparchia
1166 4055 1227 4106 erat
1242 4049 1323 4124 nigro
1336 4047 1466 4106 ducinrm
1486 4047 1605 4107 distinc-

342 4167 413 4218 tum.
434 4160 637 4219 Litteratomm
650 4160 793 4238 cingulum
806 4162 875 4220 elnon
889 4160 1002 4238 pollices
1015 4161 1046 4219 in
1058 4160 1238 4219 latitudinem
1252 4157 1384 4221 habebat.

383 4272 551 4336 Sandalium
565 4273 755 4334 cannabinum
769 4283 839 4347 crat,
853 4273 898 4334 vel
911 4273 1015 4352 duplici
1030 4274 1073 4334 vel
1086 4273 1206 4352 simplici
1227 4274 1304 4333 solea
1324 4273 1514 4353 substratum3
1532 4275 1606 4337 illud

341 4389 368 4445 ri
380 4368 453 4460 ἢ,
467 4387 542 4445 istud
556 4388 602 4444 tia
617 4363 670 4450 ff
686 4387 858 4467 appellatum
874 4386 1004 4448 :calceus
1017 4360 1062 4446 ¹vel
1075 4394 1137 4446 erat
1159 4388 1300 4447 coriaceus
1313 4389 1336 4447 a·
1349 4360 1414 4459 (fl,
1428 4388 1472 4447 vel
1490 4389 1605 4448 strami-

340 4518 412 4560 neus
424 4501 475 4579 sei
487 4474 555 4559 Ψ.
575 4499 694 4580 Regium
717 4502 875 4563 sandalium
890 4523 905 4561 e
919 4500 1024 4579 duplici
1046 4506 1108 4559 erat
1128 4502 1214 4573 solea,
1238 4501 1324 4577 idque
1344 4502 1471 4575 rubrum,
1495 4502 1604 4576 album,

341 4614 465 4692 nigrum,
479 4624 508 4676 et
523 4617 638 4676 restitui
658 4635 707 4677 seu
731 4616 793 4676 limi
814 4615 901 4677 colori
923 4592 1111 4693 respondebat
1135 4636 1143 4675 z
1164 4614 1271 4691 regina
1292 4614 1454 4676 sandalium
1467 4635 1484 4675 e
1497 4615 1604 4694 duplici

341 4727 419 4788 solea
441 4730 552 4809 triplex,
576 4730 695 4805 fuscum,
720 4729 882 4803 coeruleum,
906 4728 1037 4803 rubrum3
1052 4747 1068 4786 e
1081 4727 1201 4808 simplici
1221 4728 1380 4789 toleaitem
1402 4729 1508 4817 triplex
1530 4740 1603 4807 erat,
