3524 5652
520 489 615 533 caron
638 489 909 541 ormnem—rane
930 489 1094 533 roeramoe
1381 480 1441 536 555

169 602 326 667 extendere
348 619 451 685 genus
464 602 501 666 ad
514 602 590 682 juris
605 618 767 665 summum.
797 602 937 667 dontneio
952 610 1076 685 gerente
1091 602 1300 685 magistratum
1316 605 1346 668 in
1363 606 1438 682 Lon,

170 717 229 781 bou
239 715 383 780 homines
394 716 529 780 venando
544 715 772 791 contendebant
790 716 947 780 Goniucius
959 718 1027 779 item
1040 717 1175 781 venando
1189 719 1367 783 contendere
1377 721 1435 797 (1).

169 829 366 894 venationem
378 829 435 892 sibi
445 829 571 893 inuicem
586 827 712 904 auferre,
728 830 825 893 adbuc
838 829 918 905 ticet,
931 836 1042 909 quante
1058 830 1155 912 magis
1170 830 1302 910 accipere
1318 831 1439 895 illomm

170 946 313 1006 munerat
331 941 439 1006 Subdit
451 962 458 1005 :
472 942 497 1004 si
508 942 557 1020 ita,
574 957 648 1023 ergo
663 942 821 1006 Goniucius
836 942 1046 1024 magistratum
1062 957 1170 1025 gerens
1186 959 1245 1007 non
1260 945 1439 1023 operabatur

169 1055 310 1120 doctrine
323 1052 379 1138 (Ξ).
398 1053 654 1135 Aitzoperabatur
663 1055 815 1120 doctrine.
828 1090 872 1101 -
883 1055 913 1118 Si
924 1055 1102 1135 operabatur
1112 1056 1274 1132 doctrinae,
1290 1058 1438 1137 montedo

169 1169 305 1233 renardo
328 1167 582 1233 contendebatur?
602 1166 650 1231 mr
668 1188 675 1231 ε
694 1168 853 1233 Gontucius
875 1170 961 1253 prius
972 1185 1025 1248 per
1039 1168 1148 1232 libmm
1168 1169 1315 1233 ordinarit
1330 1171 1438 1234 litatio·
1487 1143 1492 1152 ’

169 1298 241 1346 num
257 1295 330 1345 rasa
348 1278 405 1366 (3),
424 1298 479 1346 nec
493 1298 561 1346 cum
576 1288 704 1361 quatuor
723 1281 880 1364 regionum
896 1282 1017 1346 ferculis
1031 1282 1267 1346 instruxitlibro
1289 1283 1436 1347 ordinata.

171 1395 276 1459 Subdit
293 1415 301 1458 :
319 1410 413 1476 quare
428 1410 488 1459 non
503 1395 621 1459 abibat?
643 1395 830 1474 Respondit:
848 1395 956 1476 agebat
971 1396 1013 1458 rei
1030 1395 1181 1475 preludia.
1204 1395 1276 1459 dum
1298 1397 1439 1476 preludia

171 1508 355 1573 sufficiebant
364 1509 401 1572 ad
412 1525 533 1572 cursum
550 1507 730 1583 babendum,
743 1525 798 1572 nec
809 1515 909 1572 tamen
923 1524 1045 1572 cursum
1060 1508 1220 1583 habebant,
1233 1515 1304 1574 tunc
1318 1510 1438 1574 demum

172 1621 280 1685 abibat.
303 1621 490 1701 Quapropter
509 1622 639 1686 noudum
657 1622 711 1686 tuit
726 1623 837 1701 quoad
854 1621 942 1686 dnem
958 1622 1049 1685 trium
1065 1637 1212 1686 annorum
1228 1622 1436 1701 permanserit.

173 1734 329 1799 maturius
339 1735 498 1815 aliquando
506 1735 609 1799 ridens
616 1750 737 1799 cursum
749 1717 930 1815 possibilem,
945 1734 1154 1816 magistratum
1164 1735 1267 1812 obirit;
1280 1735 1439 1814 aliquando

174 1856 313 1928 exceptus
326 1847 414 1925 bene,
439 1849 648 1931 magistratum
664 1848 771 1924 obivit;
791 1849 949 1927 atiqnando
964 1848 1001 1912 de
1016 1849 1133 1930 publico
1148 1849 1237 1912 alitus
1254 1846 1310 1932 (t),
1327 1848 1438 1930 magis-

174 1968 282 2024 tratum
299 1961 393 2043 gessit
405 1981 412 2024 :
426 1963 504 2041 apud
518 1962 582 2025 beu
599 1962 767 2025 ministrum
782 1963 818 2027 Ki
836 1962 914 2025 boan
926 1968 981 2037 tse,
1000 1961 1103 2026 ridens
1118 1977 1237 2026 cursum
1254 1961 1437 2041 possibilem,

172 2073 380 2157 magistratum
397 2074 507 2157 gessit;
529 2075 607 2154 apud
623 2075 689 2139 Wei
709 2076 786 2157 Ling
801 2075 951 2158 regulum,
969 2083 1110 2155 exceptus
1124 2075 1211 2151 bene,
1229 2075 1439 2157 magistratum

172 2188 279 2270 gessit3
297 2188 376 2268 apud
392 2188 459 2253 Wei
475 2187 549 2253 Hiao
563 2189 714 2270 regulum,
732 2188 767 2252 de
783 2188 1016 2268 pneumaticus,
1034 2188 1244 2270 magistratum
1260 2189 1364 2270 gessit.

228 2303 258 2365 5.
283 2300 428 2365 Mentsius
437 2302 702 2383 aitzmagistratus
711 2301 809 2366 obitur
819 2317 878 2365 nen
890 2309 1010 2381 propter
1022 2307 1278 2381 paupertatemet
1286 2310 1386 2366 tamen
1394 2307 1440 2365 est

170 2420 288 2493 tempus
303 2430 363 2494 quo
378 2429 467 2479 causa
483 2415 684 2495 paupertatis:
702 2415 779 2479 sicut
793 2416 911 2478 ducitur
926 2430 1000 2478 uxor
1015 2431 1074 2479 non
1091 2423 1212 2494 propter
1227 2415 1437 2492 ministerium,

169 2534 315 2591 ettamen
330 2534 376 2591 est
394 2535 510 2608 tempus
531 2543 590 2608 quo
610 2535 730 2608 propter
752 2529 961 2592 ministerium.
991 2526 1045 2600 Qui
1062 2543 1150 2607 porro
1165 2528 1203 2592 ob
1220 2534 1437 2609 paupertatem,

167 2641 194 2703 is
219 2655 363 2704 recusans
388 2641 676 2706 honorificentiorem
701 2647 825 2721 occupet
849 2641 1047 2718 humiliorem,
1085 2657 1226 2705 recusans
1251 2641 1439 2723 pinguiorem

168 2759 295 2833 occupet
310 2755 485 2818 tenuiorem.
505 2753 560 2827 Oui
575 2771 663 2835 perro
679 2771 820 2820 recusans
835 2754 1031 2819 honorificum
1046 2763 1170 2834 occupat
1186 2755 1338 2831 humilem,
1355 2769 1438 2818 recu·

168 2882 240 2930 sans
255 2866 398 2949 pinguem
418 2876 543 2948 occupat
558 2876 689 2945 tenuem,
713 2869 783 2948 quid
798 2868 842 2931 ilti
858 2868 1078 2933 accomodatius
1095 2865 1154 2950 (bit
1175 2867 1318 2932 obeundo
1338 2872 1439 2946 portas

171 2980 289 3060 pulsare
314 2982 529 3061 crepitaculum
550 2978 605 3065 (6).
644 2982 802 3046 doniucius
824 2982 896 3046 otim
918 2997 1013 3063 agens
1039 2982 1215 3046 horreorum
1242 2980 1437 3061 praetectum,

171 3092 266 3157 aiebat
283 3113 291 3156 :
310 3094 336 3157 si
352 3100 432 3158 totus
453 3111 597 3159 numems
611 3103 640 3159 et
656 3095 817 3179 singularis
839 3095 916 3159 ratio
938 3095 1072 3173 quadrat,
1100 3094 1162 3174 jam
1185 3101 1281 3159 totum
1303 3100 1349 3159 est
1365 3090 1408 3178 (7)
1428 3111 1436 3154 :

174 3466 326 3530 Consuciue
349 3470 540 3530 inveteratum
564 3489 647 3530 neum
661 3469 781 3544 tolleret,
805 3473 965 3550 composuit
979 3469 1090 3545 librum,
1112 3490 1169 3548 quo
1188 3470 1312 3531 sacrificii
1326 3489 1395 3529 rasa
1407 3476 1438 3529 et

171 3582 275 3642 fercula
289 3583 424 3655 definivit,
439 3592 469 3643 et
481 3585 556 3646 inter
568 3584 672 3644 fercula
685 3585 845 3664 hujusmodi
864 3585 1030 3644 venationes
1043 3604 1099 3644 non
1115 3585 1263 3644 recensuit.

209 3686 256 3765 (t)
276 3694 350 3756 Cum
364 3716 466 3775 nempe
480 3698 534 3757 rite
547 3698 688 3775 sapientes
700 3699 737 3757 de
751 3698 863 3776 publico
878 3698 977 3757 aerario
991 3698 1230 3757 sustentabantur.

208 3800 251 3881 (5)
271 3810 307 3869 In
326 3785 366 3868 'fi
383 3784 425 3875 ἦ
444 3787 496 3884 ᾗ,
520 3811 660 3891 particula
678 3789 820 3883 ssfulcit,
838 3821 868 3871 et
886 3809 960 3869 valet
978 3783 1031 3871 ῙῘῙῙ
1051 3787 1155 3871 111AE
1173 3788 1229 3885 ᾗ,
1253 3809 1336 3870 fulcit
1359 3810 1439 3884 item,

169 3934 201 3983 nt
210 3924 274 4001 jam
288 3924 498 3985 adnotavimus.

207 4035 253 4108 (tt
272 4035 447 4114 Hujuemodi
476 4039 586 4115 gerenti
610 4037 734 4098 officium
758 4058 817 4098 non
837 4038 874 4098 ob
896 4034 1040 4115 poblicum
1069 4036 1188 4109 bonum,
1219 4043 1336 4115 praestet
1361 4037 1439 4097 obire

167 4150 300 4211 teumora
312 4145 415 4223 officia,
429 4151 473 4210 uti
482 4152 624 4211 custodire
640 4159 735 4228 portas
751 4160 780 4210 et
789 4170 874 4228 agere
887 4149 1028 4223 excubias,
1045 4150 1120 4227 qnod
1133 4148 1218 4211 focile
1231 4150 1347 4228 geritur.
1363 4148 1437 4209 Con·

165 4264 256 4325 facins
282 4262 343 4341 ipse
356 4282 416 4322 non
430 4264 543 4325 erubuit
564 4263 718 4324 humiliora
740 4263 841 4335 officie,
866 4281 931 4341 qnae
944 4282 977 4321 eo
990 4262 1051 4341 ipso
1073 4261 1204 4325 faciliora
1227 4270 1303 4335 eunt,
1329 4264 1438 4339 atejus

164 4378 252 4439 umba
265 4377 400 4438 innuunt.
427 4378 503 4439 Sene
526 4377 642 4438 humilis
658 4390 687 4438 et
701 4376 828 4438 elevatus
851 4376 1036 4453 magistratus
1058 4375 1172 4435 diiieme
1195 4377 1316 4451 debent;
1342 4373 1438 4434 illene

162 4501 260 4571 crepet
274 4488 337 4549 alta
349 4491 503 4569 regiminis,
518 4492 542 4551 is
555 4490 699 4571 publicum
718 4491 843 4550 ordinem
857 4489 998 4548 instituet.

201 4598 249 4678 (7)
270 4579 327 4667 θ’
342 4601 416 4677 koei,
430 4605 571 4681 generalis
584 4623 688 4664 anuuae
700 4602 819 4663 rationis
838 4601 1011 4681 supputatio.
1034 4573 1090 4673 ff,
1105 4601 1241 4680 specialis
1263 4599 1439 4676 eingrrlerum

150 4722 309 4785 rationum
323 4718 501 4801 supputatio.
