3574 5664
638 493 735 538 curer
755 493 870 537 mrum
885 508 926 522 -
939 493 1013 535 rums
1034 492 1123 536 runos
1452 478 1513 538 289

291 608 326 671 7.
350 607 421 672 Yen
442 612 520 692 pum
540 608 689 682 defunctu,
710 607 777 671 Yen
792 608 843 672 lou
858 605 1020 687 postulavit
1044 605 1175 670 conludii
1199 623 1334 683 currum,
1351 612 1385 670 ut
1400 605 1512 671 laceret

234 719 304 787 inde
320 723 534 787 uenditorium.
558 720 716 786 conracius
730 719 772 783 uit
784 739 791 783 :
805 720 961 803 ingeniosa
976 719 1076 785 situel
1093 735 1152 784 non
1167 719 1333 802 ingeniosa,
1351 720 1510 800 unusquis·

237 851 296 915 que
311 840 415 900 umen
435 835 575 915 predicat
590 850 676 898 suam
690 834 824 898 subolem
841 854 849 897 :
867 849 952 900 meus
966 833 1000 897 Li
1015 833 1172 897 defunctus
1185 833 1290 897 habuit
1310 833 1509 913 sandapilam,

238 964 299 1013 non
314 964 388 1013 veru
404 948 620 1025 conditorium
638 963 694 1029 ego
710 963 806 1027 neque
821 947 910 1027 pedes
924 946 1044 1023 incessi,
1062 952 1095 1010 ut
1110 946 1304 1012 conficeretur
1319 947 1363 1010 illi
1378 946 1510 1011 eonditu-

240 1062 345 1127 rium:
364 1061 603 1144 quandoquidem
618 1076 676 1143 ego
691 1067 835 1141 sequutus
854 1075 1034 1143 magnorum
1056 1061 1287 1142 magistratuum
1309 1060 1432 1136 caluam,
1450 1075 1510 1125 non

242 1191 365 1256 possum
380 1176 518 1257 pedester
533 1175 577 1239 ire
594 1171 649 1258 (ll.

300 1290 330 1355 8.
355 1289 421 1354 Yeu
437 1304 514 1372 yuen
530 1288 680 1369 defunctu,
697 1287 856 1353 conracius
870 1287 1047 1352 exclamarit
1060 1307 1067 1350 :
1081 1287 1158 1352 beul
1176 1287 1292 1352 Goelum
1307 1304 1355 1353 me
1370 1287 1506 1367 extinxit,

243 1404 353 1468 eaelum
367 1418 417 1467 me
432 1402 574 1482 perdidit!

300 1516 330 1581 9.
356 1516 421 1579 Yen
436 1531 514 1598 pueu
528 1522 676 1592 emortuo,
694 1515 852 1580 conlucius
866 1515 943 1578 luxit
957 1530 1026 1579 eum
1041 1514 1189 1593 efflictim3
1208 1516 1329 1580 assecla
1345 1515 1484 1580 dixerunt
1500 1534 1509 1578 ε

245 1629 387 1712 magister
401 1630 482 1694 dolet
496 1629 631 1693 nimium.
657 1629 785 1710 llepunit
796 1648 804 1691 ε
817 1645 856 1693 an
871 1629 927 1693 fuit
941 1628 1051 1692 nimius
1066 1629 1170 1695 dolori
1189 1626 1332 1694 desinon
1347 1629 1438 1708 hujus
1453 1629 1512 1695 viri

245 1744 333 1807 causi
349 1743 561 1823 perdoleseum,
582 1742 668 1822 euius
682 1759 754 1806 vero
769 1743 880 1807 eausdt
1275 1818 1279 1823 ¹

302 1857 354 1922 10.
378 1857 442 1920 Yen
452 1872 531 1939 yuen
541 1856 708 1933 demortuo,
720 1855 814 1936 ipsius
823 1855 936 1919 alumni
947 1855 1086 1920 velebant
1095 1856 1251 1936 opulenter
1265 1856 1391 1936 sepelire
1405 1857 1508 1934 illum3

245 1969 400 2034 Gonlueius
415 1970 457 2033 ait
474 1987 481 2030 :
500 1984 559 2033 nun
581 1969 682 2046 deeet3
709 1969 845 2049 discipuli
870 1968 1009 2034 munlllee
1034 1971 1220 2034 tumularunt
1240 1986 1321 2033 eum.
1351 1970 1511 2035 Conlueius

245 2083 420 2147 exclamavit
437 2103 445 2146 ε
463 2083 536 2146 Hoei
560 2082 689 2146 babebat
703 2099 751 2146 me
765 2083 842 2146 sieut
857 2089 990 2162 patrem3
1008 2088 1039 2146 at
1053 2096 1110 2165 ego
1131 2098 1191 2147 nun
1213 2082 1295 2162 putui
1320 2083 1511 2148 considerare

245 2197 327 2260 illum
342 2196 385 2259 uti
402 2196 495 2259 lilium
512 2191 555 2279 (tl
574 2215 582 2261 :
600 2190 661 2260 uun
676 2212 714 2260 ex
729 2212 776 2259 me
792 2195 858 2272 luit,
876 2196 928 2259 sed
942 2195 980 2259 ab
994 2194 1060 2260 istis
1075 2196 1226 2260 nonnuliis
1240 2197 1380 2260 alumnis.

300 2311 353 2374 lt.
375 2310 414 2374 lli
429 2310 480 2373 lou
495 2309 631 2387 quaesivit
645 2310 765 2375 modum
782 2308 929 2374 serviendi
944 2309 1116 2389 spiritibus:
1132 2308 1291 2374 Guuludus
1300 2310 1362 2374 ait:
1377 2311 1510 2376 nondum

245 2424 323 2487 vales
338 2423 452 2487 servire
468 2421 649 2500 bominibus,
665 2425 716 2503 qul
732 2422 844 2486 valebis
858 2422 971 2487 servire
986 2422 1160 2502 spirlubnst
1175 2420 1279 2487 busim
1293 2438 1368 2506 erge
1382 2423 1509 2490 interru-

246 2551 315 2618 gara
329 2536 366 2600 de
383 2542 488 2601 morte.
513 2535 641 2614 Reponit
657 2555 665 2598 ε
683 2535 815 2600 nundum
830 2534 889 2599 seis
904 2535 1017 2612 vivere,
1034 2537 1086 2616 qul
1101 2536 1178 2600 seles
1193 2534 1289 2600 morit

300 2648 352 2712 rt.
376 2648 437 2712 Min
448 2656 493 2712 tse
503 2648 599 2712 stultat
609 2649 647 2712 ad
657 2649 736 2712 latus
751 2648 859 2712 affabili
875 2663 939 2725 ure,
951 2650 1010 2713 Tse
1020 2649 1070 2712 lou
1084 2649 1218 2712 animosa
1234 2648 1343 2729 speeie,
1360 2650 1418 2713 lan
1432 2665 1509 2734 yeuu

244 2767 273 2826 et
286 2763 344 2826 Tse
360 2763 443 2845 long
456 2762 534 2826 serio
548 2762 652 2839 vultu;
674 2762 833 2828 Genlueius
847 2761 1020 2845 gaudebat:
1038 2769 1070 2825 at
1082 2762 1139 2826 iste
1160 2762 1257 2840 Yeuu,
1274 2762 1327 2842 ait,
1344 2764 1423 2828 lraud
1438 2779 1508 2830 nac·

245 2882 329 2939 turus
343 2890 429 2939 suam
445 2881 572 2939 mortem
588 2876 705 2940 videtur
720 2878 778 2956 (3).

301 2988 351 3053 13.
377 2989 474 3071 Regni
490 2989 552 3052 Lou
568 2989 703 3053 homines
724 2988 928 3053 reedificatum
942 2994 1028 3053 erant
1048 2988 1245 3054 perennitatis
1264 2990 1414 3054 erarium.
1446 2990 1507 3056 liin
1632 3024 1635 3028 ·

244 3107 288 3167 tse
302 3102 384 3166 lr‘ien
400 3101 442 3165 ait
458 3122 466 3165 :
484 3102 694 3166 siiubaereatis
708 3102 840 3182 pristinae
854 3102 909 3178 rei,
927 3102 997 3182 quid
1013 3102 1097 3166 vobis
1110 3102 1249 3166 videtur?
1268 3104 1320 3183 qul
1336 3118 1456 3168 neeesse
1470 3104 1508 3169 de

243 3230 319 3281 nove
342 3215 488 3280 edificare
504 3212 568 3299 (ill
592 3215 751 3281 Gunluuius
764 3215 807 3280 ait
824 3235 832 3279 ε
849 3215 906 3281 iste
920 3217 1011 3280 bomo
1026 3217 1073 3280 vel
1089 3230 1154 3335 non
1164 3216 1311 3296 loquutur3
1335 3223 1367 3279 at
1381 3217 1507 3297 loquens

280 3463 324 3544 (l)
343 3471 409 3534 Yeu
420 3472 475 3545 lou,
486 3473 613 3535 defuncti
622 3484 712 3554 puter,
725 3483 755 3535 et
765 3473 825 3554 ipse
835 3473 904 3536 olim
915 3475 1085 3537 Confueinm
1099 3484 1219 3550 secutus,
1234 3475 1368 3538 voluisset
1385 3478 1507 3541 vendere

243 3606 361 3659 currum,
376 3587 415 3648 ad
427 3587 587 3648 faciendum
601 3589 799 3661 conditorium,
814 3607 871 3665 quo
884 3586 1033 3668 sandapila
1054 3587 1210 3649 includitur
1222 3612 1231 3650 r
1247 3586 1398 3652 confusius
1412 3612 1443 3653 ss
1455 3611 1506 3653 ex·

242 3708 328 3773 cusat,
343 3701 428 3778 qued,
443 3721 508 3760 eum
521 3702 638 3779 gesserit
659 3702 864 3780 praefecturam,
877 3699 945 3762 lieet
958 3701 1175 3780 magistratuum
1196 3700 1321 3777 ultimus
1344 3705 1505 3766 etiamnum

242 3812 279 3872 ad
291 3812 462 3891 dignitatem
476 3833 559 3874 curru
573 3814 701 3893 indigent
714 3834 774 3874 suo.

159 3930 168 3939 “
280 3917 324 3994 (2)
343 3926 414 3986 Non
430 3935 559 3987 serratus
572 3936 616 3988 est
628 3928 697 3988 ordo
717 3929 791 3988 siout
802 3946 854 4007 pro
867 3925 922 3987 lilio
935 3947 998 3988 meo
1012 3925 1058 4001 Li,
1070 3936 1101 3988 ut
1115 3928 1209 3990 tenuis
1232 3931 1355 3992 teuniter
1377 3932 1505 3993 tumule-

242 4045 296 4099 tur.

280 4144 324 4224 (3)
344 4128 396 4213 θ’
411 4153 492 4233 hang
505 4176 513 4214 r
528 4134 570 4214 Ξ
581 4174 660 4215 snam
673 4152 833 4215 naturalem
847 4176 854 4213 ι
870 4131 912 4220 ἢ
926 4155 1021 4215 innuit
1035 4153 1151 4216 modum
1164 4165 1195 4217 et
1208 4154 1297 4219 afficit
1311 4166 1405 4219 totum
1417 4157 1506 4238 phra-

242 4265 301 4327 sim.
316 4302 356 4316 -
370 4265 429 4328 Tse
441 4265 489 4328 lou
503 4287 601 4328 revera
614 4269 645 4327 in
657 4266 732 4328 bello
745 4267 882 4342 obnubuit,
898 4269 1011 4328 virente
1023 4268 1115 4330 adhue
1130 4266 1276 4331 Confusio.

279 4371 322 4450 lt)
343 4381 422 4443 Setis
436 4389 480 4442 est
491 4389 649 4441 roetuurare
663 4381 821 4459 antiquum.
867 4360 909 4443 ἦ
923 4379 997 4441 valet
1012 4359 1056 4441 Εἴ
1072 4357 1123 4459 ff,
1136 4393 1166 4444 et
1181 4360 1222 4448 Ῑ
1236 4385 1313 4445 velat
1328 4359 1378 4447 ἶ.

330 4616 441 4676 frustra
452 4636 460 4674 ε
472 4613 600 4692 pedester
614 4613 655 4673 irs
669 4612 854 4675 :multitude
901 4588 971 4699 ἢ)
983 4610 1080 4688 Turre,
1094 4613 1175 4674 dolor
1192 4615 1303 4675 nimius

233 4704 300 4821 pff
327 4731 354 4804 1,
367 4725 448 4790 mut
471 4700 541 4814 βξ)
555 4726 622 4802 un,
635 4734 741 4789 menn
886 4703 955 4814 (pl
981 4728 1271 4804 innumerum,
1285 4727 1454 4807 suspirii.
