3672 5690
552 731 757 834 CAPUT
791 731 1146 835 SECUNDUM.

271 977 472 1057 Philosophus
487 977 561 1042 dixit
574 978 610 1041 de
625 977 663 1041 Ki
678 978 888 1059 cognominato
906 996 914 1040 ε
932 984 999 1042 outo
1014 979 1121 1042 choros
1136 978 1279 1042 saltantes
1294 978 1325 1041 in
1340 980 1427 1055 sula3
1450 978 1480 1042 id

216 1096 312 1171 potest
327 1091 414 1168 terre,
435 1091 507 1171 quid
519 1090 581 1170 iam
596 1107 655 1155 non
672 1091 781 1171 poterit
795 1091 903 1155 audere
920 1087 987 1175 (1))

274 1204 302 1268 2.
326 1205 403 1268 Tres
418 1204 538 1268 tamibae
553 1204 712 1268 utebantur
726 1206 837 1287 hymno
856 1222 943 1285 pesp
958 1205 995 1269 ad
1010 1206 1172 1269 tollendam
1187 1204 1324 1268 saoritleii
1346 1220 1480 1268 mensam

220 1314 272 1402 (ἳ).
295 1317 455 1381 Uoniucius
470 1318 531 1381 uit:
546 1318 620 1381 hlud
635 1318 684 1381 IV.
707 1319 757 1382 17.
782 1318 947 1396 adjuvaret
960 1319 1101 1382 bonoim
1115 1326 1287 1397 repnunteo
1298 1319 1476 1400 principes,

218 1431 288 1494 eoelr'
301 1431 395 1512 filius
408 1431 567 1511 rsltpimte
577 1429 710 1513 plenus,
727 1433 875 1511 quomodo
890 1437 1052 1512 usurpatur
1062 1432 1094 1497 in
1105 1432 1196 1497 trium
1212 1431 1391 1495 familiarum
1407 1439 1481 1496 tem·

220 1545 290 1625 plot

276 1658 305 1721 3.
330 1658 529 1738 Philosophus
543 1658 586 1720 ait
599 1677 607 1722 :
621 1658 711 1723 homo
725 1659 775 1738 oui
790 1675 849 1723 uon
860 1660 900 1723 sit
910 1659 984 1738 pius,
1004 1659 1101 1739 quoad
1117 1659 1193 1724 ritus
1207 1660 1377 1738 quomodot
1392 1660 1482 1724 bomo

219 1786 278 1836 uon
293 1772 368 1851 pius,
389 1773 487 1852 quoad
502 1770 647 1836 musicam
662 1774 811 1851 quomodo
828 1770 893 1857 (3))
950 1774 955 1785 ’

278 1884 306 1949 t.
331 1885 385 1948 bin
400 1885 473 1968 tang
488 1885 572 1965 petiit
586 1886 698 1948 rituum
714 1887 911 1965 potissimum.
935 1886 1094 1951 Conlucius
1108 1886 1150 1950 ait
1162 1905 1170 1948 ε
1184 1902 1292 1970 magna
1306 1901 1377 1950 sane
1387 1903 1482 1966 ques·

221 1997 276 2062 tiol
299 1998 333 2062 lu
348 1997 455 2062 ritibus
469 1998 567 2078 potius
581 2013 670 2077 quam
686 2000 880 2081 prodigalitas
894 2007 1016 2079 prestat
1030 2000 1175 2064 sobrietas
1192 2020 1200 2064 ι
1217 2000 1248 2064 in
1264 2000 1367 2065 funere
1384 1999 1483 2081 potius

222 2126 309 2191 quum
319 2112 510 2177 'concinnitas
525 2117 646 2192 presul
661 2127 768 2177 maeror
785 2109 839 2198 (tt.

278 2225 307 2289 5.
331 2225 530 2305 Philosophus
545 2225 587 2287 ait
603 2244 611 2288 ε
629 2226 751 2289 Barbari
766 2226 963 2292 occidentales
978 2232 1009 2291 et
1023 2227 1158 2292 boreales
1173 2226 1284 2292 habent
1298 2226 1480 2308 prinoipem3

221 2353 280 2403 non
295 2338 371 2401 sicut
386 2338 618 2419 frequentissimi
634 2338 711 2402 Sinae
726 2339 776 2419 qui
792 2356 852 2404 non
867 2340 979 2405 habent
995 2338 1048 2424 (5).

279 2450 307 2515 6.
331 2452 369 2516 lli
384 2452 523 2517 dominus
546 2452 651 2515 litabat
668 2453 737 2516 T‘ai
757 2454 851 2517 monti
868 2473 876 2517 :
893 2454 1052 2519 donluoius
1075 2454 1231 2535 alloquens
1251 2455 1308 2518 lan
1322 2470 1398 2537 yeou
1413 2452 1456 2517 ait
1473 2471 1481 2517 :

223 2569 255 2628 tu
269 2581 340 2628 num
356 2580 416 2630 non
430 2565 541 2645 poteris
557 2565 687 2630 mederi?
711 2567 903 2647 Respoudons
918 2567 959 2630 uit
976 2586 984 2630 ε
1002 2583 1061 2632 non
1077 2584 1209 2648 possum.
1241 2566 1398 2632 conludius
1414 2567 1498 2631 sub·

219 2676 316 2757 junxit
333 2698 341 2741 :
360 2679 441 2743 lleul
459 2694 570 2761 ergone
585 2679 699 2743 dicetur
713 2678 781 2743 T‘ei
797 2687 928 2745 montem
944 2697 999 2745 neo
1013 2697 1130 2760 square
1145 2682 1200 2745 bin
1214 2682 1288 2763 lang
1304 2677 1369 2765 (6))

279 2793 309 2856 7.
332 2792 530 2872 Philosophus
544 2791 588 2855 sit
604 2811 611 2856 :
630 2792 753 2872 Sapiens
774 2794 848 2858 nibil
863 2800 910 2859 est
924 2794 955 2858 iu
970 2809 1029 2875 quo
1044 2795 1221 2871 contendam
1238 2794 1264 2857 si
1279 2795 1367 2874 plane
1389 2799 1478 2870 osset

261 3278 306 3359 (1)
326 3266 369 3353 ἃ
384 3270 426 3349 Ε
442 3307 491 3348 seu
506 3266 548 3353 Ξ
564 3262 621 3362 Ui,
643 3288 679 3349 de
699 3306 757 3364 quo
777 3307 876 3366 suprs3
901 3270 943 3349 Ε
967 3287 1107 3367 signifieat
1126 3308 1284 3367 eognomeu
1305 3289 1483 3367 purtimiare.
1524 3264 1527 3267 ¹

224 3401 412 3480 Insperatores
424 3402 455 3462 in
468 3400 662 3479 pamutalibus
681 3401 872 3479 producebant
885 3410 948 3461 outo
960 3402 1092 3463 funebres
1114 3401 1222 3473 ohoros,
1244 3421 1363 3479 quorum
1376 3401 1483 3481 singuli

223 3523 287 3574 ueto
299 3513 469 3576 saltantibus
481 3514 652 3575 oonstsbant
662 3538 669 3575 a
680 3515 780 3592 reguli,
793 3532 893 3591 senos3
907 3515 1058 3593 toparchas,
1073 3523 1240 3592 quaternum
1250 3514 1378 3589 litterati,
1394 3516 1483 3575 binos.

223 3626 335 3690 Ultima
347 3627 458 3707 phrasis
469 3629 663 3706 potententem
676 3627 717 3689 sio
729 3629 822 3688 efferri
836 3652 844 3690 a
861 3627 892 3686 id
905 3638 996 3706 potest
1016 3629 1136 3701 tolermrt',
1158 3629 1228 3704 quid
1242 3631 1306 3702 jorn
1319 3648 1372 3684 nnn
1384 3629 1486 3705 poterit

224 3742 338 3799 tolerari
343 3748 357 3799 t

262 3849 308 3924 (2)
327 3849 400 3913 Tres
419 3853 545 3928 familias,
569 3854 675 3916 soilioet
690 3835 733 3916 i
747 3828 798 3930 U,
814 3830 857 3914 ᾖ
872 3828 923 3929 ffi,
938 3833 980 3919 ἃ
997 3827 1047 3929 U,
1068 3855 1105 3915 de
1125 3852 1225 3932 quibus
1248 3873 1342 3933 supra.
1384 3829 1428 3916 ἦ
1441 3863 1486 3916 sat

222 3966 323 4028 titulus
337 3967 399 4026 odae
412 3986 476 4043 quoe
488 3967 610 4028 hebetur
624 3966 677 4028 IV.
693 3968 738 4030 17.

263 4073 310 4151 (3)
329 4080 478 4150 Quomodo
493 4081 641 4141 adhibebit
653 4083 723 4142 ritus
737 4091 766 4142 et
779 4082 939 4143 musicum?

262 4183 306 4271 (s)
326 4191 384 4252 mn
397 4192 469 4271 fang
481 4194 563 4272 regn
576 4194 640 4256 nou
653 4196 730 4256 eim.
775 4174 906 4259 brem
921 4174 972 4261 lh.

263 4298 310 4376 (5)
330 4285 372 4371 ff
385 4306 494 4367 iudicet
508 4305 709 4386 pluralitatem.
755 4286 793 4368 l:
807 4319 890 4370 sonat
905 4282 955 4372 ἦ.

263 4410 309 4490 (6)
327 4420 388 4480 Jan
401 4438 475 4496 yson
489 4429 558 4481 tuno
571 4429 633 4481 erat
644 4420 684 4481 Ki
695 4421 809 4483 familiar
823 4422 995 4484 administer.
1018 4420 1122 4501 Reguli
1135 4429 1202 4503 erat·
1210 4421 1364 4482 saeritioaue
1378 4421 1486 4483 montis

223 4532 334 4612 spiritui
347 4556 356 4596 a
368 4532 417 4594 hie
430 4553 498 4612 ergo
510 4553 570 4594 non
582 4536 737 4596 oenseudus
755 4534 918 4596 sacrificium
936 4537 1055 4615 prebere
1067 4542 1167 4596 ooutru
1179 4537 1252 4595 ritus
1265 4532 1402 4609 oblatum,
1417 4553 1484 4594 oum

224 4644 279 4705 diei
291 4655 416 4724 nequest
436 4649 542 4708 montis
555 4633 622 4707 T‘ai
634 4650 764 4726 spiritum
778 4669 830 4710 neo
843 4651 915 4711 siout
930 4649 986 4709 Lin
999 4651 1070 4729 fang
1082 4650 1117 4709 de
1131 4650 1232 4710 ritibus
1245 4668 1304 4708 esse
1318 4647 1480 4707 sollicitum.

226 4738 267 4825 U(
281 4768 365 4823 must
380 4738 431 4826 Ui
479 4739 521 4825 fi
533 4762 660 4823 mannii
672 4781 770 4840 genus.

303 4891 327 4934 11
576 4909 579 4915 -
1365 4874 1405 4932 29
