3554 5642
597 522 695 570 carun
714 525 831 568 suxruur
846 540 887 555 -·
900 526 973 568 unns
994 524 1083 569 aaron
1408 513 1469 575 579
1540 511 1545 521 '

202 638 391 719 obsequendo
407 655 469 702 sue
484 638 590 717 potiori
605 638 786 716 substantioe,
812 647 971 704 censentur
987 640 1088 722 magni
1105 640 1255 717 bomines;
1279 641 1467 721 obsequendo

202 768 270 817 suae
291 752 429 817 interiori
451 751 643 827 substantiae,
668 759 827 817 censentur
849 754 932 832 parvi
957 754 1101 841 homines.
1136 753 1240 818 subdit
1256 774 1263 816 :
1282 770 1375 834 aeque
1397 762 1467 819 sunt

202 866 337 932 honines
355 886 363 929 :
382 866 473 945 aliqui
489 871 588 929 tamen
605 864 810 945 obsequuntur
824 883 885 930 suae
901 866 1007 946 potiori
1024 866 1217 944 substantiae,
1234 868 1284 931 alii
1299 867 1465 949 obsequun-

203 988 250 1043 tur
271 994 344 1044 suae
365 978 499 1044 interiori
523 978 717 1055 substantiae,
741 985 815 1043 curt
849 978 1036 1059 Respondit:
1054 979 1172 1043 auditus
1195 980 1335 1061 risusque
1359 997 1465 1046 sensus

204 1099 303 1158 carent
318 1092 508 1175 cogitatione,
529 1099 559 1156 et
574 1092 741 1157 obruuntur
755 1109 773 1156 a
788 1094 938 1172 corporeis
957 1093 1061 1170 rebus;
1079 1108 1219 1172 corporea
1239 1100 1348 1159 meunt
1361 1110 1464 1174 corpo·

204 1206 268 1284 reis,
288 1206 392 1287 sicque
413 1205 535 1269 trabunt
550 1206 602 1269 illa
617 1211 648 1269 et
663 1213 763 1269 actum
777 1213 832 1271 est.
864 1207 967 1271 cordis
986 1222 1058 1272 vero
1078 1222 1183 1270 sensus
1204 1208 1340 1290 cogitans
1354 1216 1408 1272 est.
1434 1208 1464 1272 Si

203 1320 323 1402 cogitat,
342 1328 413 1384 ωηο
429 1326 510 1382 tenet
525 1335 607 1394 rem3
625 1320 725 1383 sinon
741 1321 864 1401 cogitat,
882 1326 954 1385 tuno
968 1336 1028 1395 ηοη
1043 1328 1123 1385 tenet
1133 1318 1187 1405 (l).
1211 1322 1290 1386 llaec
1304 1329 1374 1385 sunt
1388 1337 1464 1401 quae

203 1434 309 1497 coelum
332 1432 417 1516 nobis
437 1433 553 1496 indidit.
578 1432 607 1496 Si
623 1433 706 1512 prius
727 1434 926 1497 consistamus
939 1433 969 1497 in
985 1449 1088 1498 eorum
1111 1434 1236 1514 potiore,
1260 1441 1329 1499 tunc
1349 1436 1464 1500 minora

201 1546 250 1609 illa
266 1562 325 1610 nou
341 1551 481 1626 poterunt
495 1545 640 1625 abripere.
666 1546 841 1626 Huiusmodi
856 1547 964 1611 dicitur
979 1562 1106 1629 maguus
1121 1547 1168 1609 vir
1182 1555 1212 1611 et
1226 1547 1268 1610 nil
1284 1549 1421 1628 amplius.

257 1660 309 1723 16.
333 1660 479 1724 blentsius
493 1659 535 1722 ait
552 1678 560 1722 z
578 1668 649 1722 suut
663 1661 800 1724 coelestes
821 1660 992 1743 dignitates,
1016 1666 1087 1723 sunt
1106 1663 1254 1725 numanae
1275 1662 1460 1744 dignitates:

202 1774 381 1851 humanitas,
398 1773 543 1852 aequitas,
562 1772 698 1849 fidelitas,
722 1774 879 1847 veracitas,
898 1789 983 1839 amor
997 1774 1065 1838 boni
1080 1774 1256 1851 indefessus,
1273 1791 1309 1839 en
1326 1776 1463 1840 scelestes

200 1887 383 1969 dignitates:
402 1886 596 1966 principatus,
618 1886 735 1969 regium
758 1887 967 1964 ministerium,
986 1888 1127 1967 primaria
1142 1888 1337 1967 praefectura,
1354 1906 1391 1953 en
1407 1890 1461 1953 bu·

200 2015 302 2064 manac
318 2000 489 2082 dignitates.
513 1997 705 2079 Antiquitatis
724 2001 859 2065 homines
878 2000 1052 2065 excolebant
1071 2002 1208 2066 coelestes
1222 2017 1273 2065 cas
1287 2002 1459 2084 dignitates,

199 2121 228 2177 et
242 2115 390 2177 humanae
412 2114 573 2194 dignitates
595 2112 811 2177 comitabantur
828 2114 904 2178 illas.
930 2114 1070 2178 Hodierni
1092 2115 1228 2179 homines
1248 2117 1388 2179 excolunt
1401 2131 1462 2180 coe«

199 2228 286 2291 lestcs
300 2242 352 2291 eus
363 2226 524 2309 dignitates
538 2227 575 2290 ad
590 2228 764 2306 quarendos
786 2229 931 2291 bumanas
945 2228 1125 2311 dignitates:
1139 2244 1266 2308 cumque
1281 2229 1462 2294 obtinuerint

199 2340 344 2403 humanas
367 2340 540 2423 dignitates,
564 2341 627 2420 jann
651 2340 791 2419 abiiciunt
817 2343 954 2406 coelestes
976 2342 1044 2405 illas
1069 2342 1239 2423 dignitates.
1268 2342 1303 2405 Id
1321 2357 1393 2407 sane
1415 2350 1461 2407 est

199 2453 374 2517 hallucinari
398 2454 618 2533 quammaxime
635 2474 643 2517 ι
660 2460 690 2517 ct
710 2455 747 2545 ad
766 2461 932 2518 extremum
957 2455 1045 2519 simul
1070 2454 1238 2520 necessario
1258 2456 1406 2535 amittent,
1430 2463 1462 2522 et
1570 2460 1573 2463 ’

199 2575 295 2631 actum
311 2566 378 2630 erit.

254 2682 304 2745 17.
331 2680 475 2745 lientslus
485 2681 697 2768 ait:appetere
712 2681 908 2759 nobilitatem,
921 2682 1076 2746 bominum
1086 2690 1132 2747 est
1141 2683 1309 2746 eommunis
1317 2683 1455 2748 animus:

198 2794 319 2874 quisque
346 2796 437 2858 bomo
459 2794 550 2859 babet
574 2795 757 2860 nobilitatem
772 2797 802 2860 in
818 2796 992 2875 semetipum
1020 2796 1071 2861 scd
1093 2811 1152 2860 non
1174 2796 1318 2878 cogitant.
1346 2795 1385 2860 At
1399 2812 1458 2876 qna

197 2908 331 2971 homines
347 2906 515 2984 nobilitant,
528 2924 586 2972 non
597 2909 785 2990 cstingenita
801 2908 940 2972 nobilitas
952 2929 959 2972 :
972 2910 1158 2988 quos'lcbao
1170 2910 1266 2988 major
1277 2909 1455 2989 nobilitavit,

197 3021 250 3084 bos
258 3021 360 3086 Tobao
371 3021 467 3102 major
477 3029 573 3101 potest
587 3021 734 3103 ignobiles
749 3021 871 3086 reddere
883 3019 939 3106 (t).
957 3023 1081 3087 Carmen
1099 3023 1161 3106 illl.
1178 3020 1245 3107 13.)
1257 3022 1356 3087 mens:
1371 3024 1457 3088 «lam

196 3133 473 3211 inebriatusavino‚
488 3135 550 3214 jain
566 3136 852 3199 satiatusexvirtute
869 3132 922 3219 (3),
938 3160 951 3191 n
970 3136 1118 3218 signillcat
1135 3156 1142 3199 :
1161 3136 1285 3199 satiatus
1300 3153 1337 3201 cx
1351 3137 1455 3199 burna·

197 3246 326 3312 nitateet
336 3248 500 3328 aequitare
518 3249 584 3312 ideo
595 3264 652 3312 non
664 3249 776 3328 appetit
791 3249 944 3312 bominum
960 3250 1071 3331 saginae
1087 3249 1230 3328 milliique
1245 3250 1453 3313 condimenta:

197 3359 304 3423 bonum
319 3377 427 3426 nomeu
444 3363 562 3442 lataque
577 3362 655 3425 lama
671 3362 822 3426 confertur
836 3362 866 3425 in
882 3362 996 3442 ipsum;
1013 3363 1079 3427 idco
1095 3378 1155 3427 non
1168 3362 1280 3442 appetit
1300 3362 1456 3427 bominum

198 3473 347 3555 eleganter
360 3475 506 3554 acupieta.

252 3587 302 3651 18.
326 3588 470 3652 blentsius
484 3589 527 3653 ait
544 3610 551 3652 :
569 3576 666 3654 'cordis
688 3586 783 3653 virtus
799 3584 896 3652 'vincit
917 3605 1059 3653 sensuum
1083 3587 1259 3670 pravitatem
1280 3589 1359 3653 sicut
1378 3603 1455 3668 aqua

199 3697 284 3763 nneit
297 3701 409 3783 ignem.
433 3701 468 3765 Ιη
484 3718 624 3782 praesens
639 3710 811 3768 exercentes
825 3702 966 3767 virtutem
982 3702 1103 3783 perinde
1117 3710 1187 3766 sunt
1198 3717 1234 3766 ac
1244 3702 1270 3765 si
1283 3718 1352 3766 cum
1367 3701 1456 3766 unius

198 3975 470 3989 Ι--ιια--κ--η

227 4175 271 4253 (1)
291 4182 387 4244 Tenet
402 4201 473 4256 rem,
488 4200 536 4241 eor
559 4181 663 4244 seilicet
677 4202 768 4243 renum
795 4181 986 4242 moralitatem
1008 4182 1135 4261 percipit.
1158 4180 1299 4259 Adeoque
1312 4204 1349 4244 ex
1363 4183 1454 4244 tribus

189 4298 267 4358 uobis
280 4297 391 4369 inditis,
405 4297 470 4354 auri
482 4304 511 4355 et
524 4296 606 4355 oculo
619 4305 736 4376 praestat
748 4316 804 4369 our,
818 4304 917 4372 estque
936 4296 1029 4373 potior
1042 4314 1115 4374 pars.
1136 4294 1215 4355 Huic
1229 4316 1330 4359 vacare
1343 4306 1386 4359 est
1399 4316 1455 4359 ooe·

187 4410 262 4471 lestis
273 4410 324 4470 illa
337 4410 477 4489 dignitas,
492 4427 556 4485 quae
569 4409 684 4469 heroem
693 4427 778 4487 supra
790 4406 890 4485 vulgus
901 4406 1016 4468 attollit

224 4519 268 4595 (2)
288 4523 400 4596 Tchao,
420 4522 503 4599 regni
517 4521 585 4583 'Prin
601 4497 682 4593 (ἓ)
694 4522 828 4583 minister.

223 4629 268 4703 ret
286 4638 323 4699 In
337 4636 478 4709 eumne,
495 4611 586 4701 idne
600 4634 750 4696 innuunt
765 4636 904 4698 numeru
927 4634 1109 4715 nunquan,
1126 4632 1175 4693 nro
1189 4634 1228 4695 uu
1242 4636 1374 4698 neuun
1387 4656 1453 4699 nn·

183 4770 230 4814 tus
244 4751 424 4814 transfertur.
