3554 5642
540 499 637 544 orror
655 499 947 542 summunt—raus
968 498 1132 542 rosumuoe
1413 487 1472 544 621

195 613 390 692 vocabulum,
414 613 573 693 corripere
587 590 634 677 est
651 632 658 676 :
676 628 745 678 cum
760 628 865 678 omnes
885 612 996 678 velient
1017 612 1128 696 corrigi
1143 629 1197 677 sua
1215 608 1272 697 (1),
1290 614 1328 679 ad
1343 614 1414 693 quiid
1430 615 1476 680 uti

197 721 309 793 bellot'

258 842 288 905 5.
311 840 458 906 Mentsius
472 840 514 904 ait
531 859 539 904 r
556 840 723 905 arcuarius
737 847 767 904 et
782 842 987 921 carpentarius
1003 846 1128 921 possunt
1143 841 1214 905 dare
1232 840 1371 921 cuiquam
1387 841 1471 906 circi·

199 970 273 1018 uum
289 962 317 1018 et
332 970 483 1030 normam,
501 969 560 1018 non
575 962 701 1034 possunt
715 954 830 1019 eiicere
845 955 997 1020 hominem
1013 954 1141 1033 peritum
1159 951 1215 1038 (t).

259 1068 290 1132 6.
313 1068 459 1132 identsius
473 1067 516 1131 ait
533 1088 540 1130 :
558 1068 659 1132 dhoen
684 1068 858 1132 comedebat
878 1068 973 1133 siccas
993 1068 1097 1151 fruges
1111 1074 1142 1131 et
1156 1068 1333 1133 vescebatur
1356 1068 1470 1146 herbis,

200 1186 343 1262 unquam
358 1181 403 1245 sic
416 1188 539 1246 acturus
554 1188 647 1245 totam
662 1182 766 1245 vitam.
799 1181 873 1245 dum
888 1197 959 1246 vero
976 1182 1002 1245 is
1017 1181 1112 1246 evasit
1130 1181 1305 1262 imperator,
1331 1181 1473 1247 induebat

202 1294 371 1374 plumatiles
386 1302 493 1371 vestes,
514 1295 696 1374 percutiebat
711 1295 819 1378 lyram,
837 1294 981 1375 binasque
1000 1295 1116 1376 puellas
1136 1303 1244 1376 presto
1266 1295 1404 1371 babebat,
1421 1310 1471 1377 pe·

202 1407 285 1473 rinde
300 1424 335 1473 ao
352 1409 378 1472 si
392 1407 569 1472 naturaiiter
584 1407 737 1472 habuisset
751 1424 787 1473 ea
803 1404 857 1492 (3).

260 1524 290 1585 7.
312 1522 458 1586 honorus
471 1521 514 1584 ait
526 1540 533 1584 :
546 1537 604 1603 ego
619 1537 700 1586 nunc
713 1537 785 1586 vero
800 1523 920 1586 demum
935 1523 1005 1588 novi
1020 1522 1154 1587 occidere
1175 1521 1301 1587 aliorum
1317 1531 1473 1602 parentem

203 1651 294 1718 grave
308 1651 374 1701 esse
384 1657 391 1698 :
402 1635 428 1699 si
438 1634 505 1715 quis
516 1635 632 1699 occidat
646 1635 769 1699 alterius
783 1642 910 1716 patrem,
923 1637 1000 1700 alter
1009 1637 1099 1702 etiam
1113 1636 1227 1701 occidet
1240 1635 1321 1700 iliius
1337 1644 1469 1715 patrem3

203 1750 229 1813 si
238 1750 350 1814 ooddat
365 1749 490 1813 alterim
504 1748 639 1825 fratrem,
656 1749 732 1813 aiter
747 1750 836 1813 etiam
851 1750 965 1813 occidet
978 1749 1061 1814 iilius
1075 1749 1199 1814 fratrem
1212 1769 1220 1812 z
1233 1749 1273 1813 ita
1284 1765 1385 1829 porro,
1399 1766 1471 1830 quo·

204 1862 300 1926 minus
314 1863 440 1943 ipsemet
455 1861 613 1926 interficiat
627 1877 690 1936 eos,
707 1862 758 1926 rin
772 1862 884 1941 aliquid
899 1862 982 1927 abest
1000 1860 1054 1948 (4).

260 1972 288 2042 8.
313 1975 458 2040 bientsius
472 1974 514 2038 ait
526 1995 533 2038 :
547 1975 661 2056 antiqui
677 1981 842 2039 statuentes
857 1976 942 2058 regni
959 1979 1101 2054 claustra,
1123 1977 1261 2042 volebant
1277 1976 1346 2040 inde
1360 1992 1470 2057 preca-

204 2106 271 2154 vere
290 2090 482 2155 crudelitates
500 2108 507 2150 :
527 2088 662 2154 hodierni
684 2095 849 2153 statuentes
870 2091 1001 2155 claustra
1022 2092 1128 2155 volunt
1145 2092 1214 2155 inde
1233 2106 1325 2173 agere
1344 2091 1471 2156 crudeli·

204 2210 278 2269 tates
294 2200 349 2287 (5).

259 2318 288 2382 9.
313 2316 459 2381 identsius
473 2318 515 2381 ait
532 2336 539 2380 :
558 2316 584 2381 si
598 2317 725 2397 ipsemet
745 2332 805 2382 non
825 2334 900 2401 agas
921 2324 1048 2394 rectum,
1072 2334 1129 2383 nee
1147 2323 1255 2401 agetur
1273 2318 1311 2382 ab
1332 2334 1425 2384 uxore
1440 2324 1472 2384 et

205 2430 303 2496 liberis
319 2451 327 2495 :
346 2431 372 2494 si
385 2430 469 2510 iussa
483 2433 536 2496 des
550 2430 617 2493 aliis
633 2445 692 2495 non
706 2430 791 2509 iuxta
807 2432 964 2508 rationem,
982 2448 1037 2496 nec
1053 2440 1192 2512 poterunt
1207 2430 1314 2495 secessi
1329 2431 1367 2496 ab
1377 2448 1471 2498 uxore

205 2550 234 2608 et
247 2544 356 2609 liberis.
1286 2594 1288 2598 .

260 2659 310 2724 to.
335 2659 481 2723 Meutsius
495 2659 537 2722 ait
553 2678 560 2720 ι
579 2658 833 2723 circumfluentem
849 2658 887 2722 ab
902 2659 1018 2738 opibus,
1042 2658 1152 2723 sterilis
1173 2673 1270 2722 annus
1292 2674 1351 2723 non
1372 2665 1471 2739 potest

205 2786 325 2838 enecare
343 2792 350 2835 :
367 2774 538 2837 cumulatus
552 2772 582 2835 in
598 2771 770 2846 virtutihus,
787 2788 804 2835 a
820 2787 912 2852 pravo
927 2775 1035 2838 seculo
1050 2789 1109 2837 non
1126 2780 1222 2853 potest
1238 2772 1363 2836 turbari.

260 2887 311 2950 tt.
335 2886 481 2950 bientsius
496 2886 537 2949 ait
555 2906 562 2948 :
580 2899 686 2948 amans
700 2886 880 2950 celebritatis
900 2887 989 2950 homo
1003 2893 1101 2967 potest
1115 2887 1219 2951 cedere
1235 2886 1282 2949 ret
1300 2887 1381 2950 milie
1395 2902 1467 2965 qua-

204 2999 355 3083 drigarum
379 3015 516 3082 regnum.
547 2998 587 3062 At
601 2997 627 3061 si
642 3013 701 3061 uon
724 2998 764 3062 sit
784 3015 855 3063 vere
876 3000 946 3062 talis
968 3000 1058 3065 horno
1074 2996 1130 3084 (6),
1154 2999 1201 3062 vel
1225 3000 1349 3063 scutella
1372 3015 1469 3083 oryzae

203 3114 415 3193 vasculumque
428 3113 504 3193 jnris
520 3110 720 3176 manifestabit
734 3112 858 3177 affectus
872 3113 903 3176 in
918 3114 1014 3177 vultu.

259 3227 311 3291 ta.
335 3227 479 3291 bientsius
493 3227 536 3290 ait
552 3247 560 3289 :
578 3227 603 3289 si
619 3239 678 3289 non
694 3225 767 3289 ddas
782 3226 1007 3290 humanioribus
1028 3226 1221 3307 sapientibus,
1245 3233 1316 3291 tunc
1338 3242 1468 3309 regnum

204 3355 328 3405 vacuum
342 3320 373 3404 et
388 3340 476 3404 inane
491 3340 548 3404 erit
564 3335 606 3423 (7)
626 3359 634 3401 :
652 3338 677 3401 si
692 3339 769 3403 desit
788 3339 940 3403 urbanitas
956 3347 986 3404 et
1001 3341 1135 3420 aonias,
1160 3346 1231 3403 tunc
1253 3340 1422 3420 superiores
1437 3346 1468 3405 et

202 3453 356 3519 intenores
370 3453 589 3519 confundentur
601 3449 642 3537 (8)
659 3453 705 3517 :si
720 3453 797 3517 desit
811 3453 1027 3517 administratio
1043 3469 1155 3530 rerum,
1173 3461 1245 3517 tunc
1259 3467 1350 3532 opum
1366 3469 1466 3533 sump-

204 3572 250 3631 tus
264 3583 324 3633 non
340 3566 494 3632 sufficient.

240 3815 288 3895 (3)
306 3822 369 3882 Neo
390 3822 550 3899 augebatur
571 3840 686 3900 pauper,
700 3841 754 3881 nec
777 3823 1006 3882 commovebatur
1019 3822 1112 3898 diree3
1130 3839 1213 3897 aequo
1235 3840 1347 3901 semper
1369 3824 1467 3884 auimo

203 3954 254 3996 rua
265 3944 341 3997 sorte
353 3943 512 3996 contentus.
528 3911 571 3995 ἦ
586 3943 671 3994 sonat
684 3909 741 3995 ll.

241 4038 287 4120 (4)
304 4047 425 4110 Perinde
449 4056 493 4108 eet
505 4049 582 4108 enim
598 4068 631 4108 eo
645 4048 669 4106 ei
683 4057 714 4106 tu
730 4049 825 4107 aliene
847 4068 935 4107 menn
959 4046 1108 4107 interficies
1130 4055 1214 4106 tuum
1237 4050 1398 4126 genitorem
1423 4048 1468 4110 rel

203 4162 326 4224 fratrem.
1460 4228 1464 4243 ³

240 4269 286 4348 (5)
306 4275 383 4338 Olim
397 4278 435 4338 ed
448 4273 658 4354 invigilandum
674 4274 830 4335 crudelium
853 4276 1027 4335 advenarum
1050 4274 1311 4345 methimannum
1324 4276 1468 4355 exigendae

204 4390 358 4469 voum

239 4493 287 4575 (6)
304 4502 397 4567 Verus
409 4509 593 4582 oontemptor
603 4501 768 4562 divitiarum
782 4510 813 4562 et
826 4500 976 4561 honorum.

239 4607 285 4689 (7)
304 4620 439 4701 Regnum
452 4616 518 4678 licet
531 4615 637 4676 habeat
650 4616 792 4694 sepientes
805 4612 956 4686 ministros,
970 4622 1109 4694 tanquam
1124 4632 1181 4673 nou
1196 4610 1326 4672 heberet

239 4722 285 4804 (8)
302 4735 439 4819 Superior
448 4737 616 4809 contemptu
630 4728 811 4808 deprimetur,
825 4727 942 4787 inferior
955 4728 1119 4808 arrogantia
1132 4721 1294 4787 extolletur.
