3554 5642
509 501 604 562 orror
625 501 774 544 murmura
786 517 827 529 -
839 500 914 543 raas
932 500 1093 544 rosraaroa
1376 489 1432 547 629

165 621 322 695 acceperat
337 613 479 695 sapientis
494 628 635 695 magnam
650 613 836 678 doctrinam:
850 614 928 693 qnod
943 614 1016 677 satis
1030 621 1095 677 erat
1105 614 1141 677 ad
1153 616 1331 695 perdendam
1347 631 1433 679 suam

165 729 270 804 ritant,
288 737 321 795 et
335 728 377 792 nil
393 728 532 807 amplius.

222 842 277 907 29.
304 840 449 907 Mentsius
470 840 631 906 adveniens
652 842 762 922 T‘cng,
786 839 953 904 diversatus
967 848 1014 905 cst
1028 841 1058 904 in
1074 842 1226 923 superiore
1241 842 1351 923 palatio
1364 842 1431 922 (liz

165 962 230 1020 crat
240 956 430 1020 inabsolutus
445 954 563 1019 calceus
573 955 610 1017 ad
625 956 771 1019 fenestrae
787 969 869 1018 oram
884 954 1059 1019 :diversorii
1074 961 1175 1020 custos
1189 956 1335 1035 quaesivit
1348 955 1435 1019 illum

165 1084 220 1134 nec
237 1069 379 1150 repperit.
406 1065 531 1140 Quidam
546 1057 740 1148 interpellans
754 1068 797 1131 ait
813 1088 820 1130 :
839 1067 948 1131 siccine
963 1075 1159 1134 assectatores
1173 1071 1216 1134 tui
1231 1070 1432 1134 absconduntt

167 1183 331 1262 Respondit
350 1202 357 1245 ε
375 1196 413 1245 an
429 1188 461 1244 tu
477 1188 565 1261 putas
578 1181 647 1246 illos
662 1180 699 1244 ad
719 1181 876 1245 iurandum
897 1181 1030 1246 calceum
1049 1182 1187 1247 venisset
1205 1182 1254 1247 Ait
1272 1202 1279 1246 :
1297 1200 1356 1248 uon
1372 1198 1435 1247 om·

166 1297 237 1361 nino
252 1296 296 1359 ita
307 1295 355 1375 (2)
372 1315 379 1358 :
397 1295 449 1359 sed
465 1302 510 1370 tu,
528 1295 683 1377 magister,
700 1294 845 1357 institutis
859 1294 1016 1371 classibus,
1041 1296 1216 1375 praeteritas
1231 1313 1280 1361 res
1294 1313 1353 1362 non
1369 1272 1435 1376 per·

166 1410 314 1489 sequeris,
331 1408 486 1474 venientes
501 1408 707 1473 bomincsnon
718 1407 838 1487 repellis
850 1427 857 1471 :
870 1408 896 1471 si
907 1424 975 1473 cum
986 1425 1057 1473 uero
1071 1410 1171 1474 animo
1186 1410 1318 1490 veniant,
1335 1409 1437 1474 statim

166 1523 277 1603 recipis
291 1523 360 1588 illos
374 1529 405 1587 et
419 1522 461 1586 nil
477 1521 557 1586 aliud
572 1521 631 1600 (3).

225 1636 280 1701 30.
305 1636 450 1703 bientsius
465 1635 506 1699 ait
524 1654 531 1697 :
551 1636 687 1700 domines
701 1651 805 1700 omnes
826 1634 937 1699 babent
951 1635 981 1698 in
998 1636 1149 1700 nonnullis
1171 1636 1439 1705 commiserationis

168 1765 308 1828 sensnm;
326 1749 511 1814 extendendo
526 1749 606 1812 bunc
620 1750 657 1813 ad
668 1765 702 1814 ea
718 1764 794 1829 quae
809 1765 867 1813 nou
884 1749 1143 1826 commisceantur,
1161 1751 1318 1816 habebitur
1333 1752 1438 1815 buma-

167 1864 248 1926 nitas
265 1883 273 1927 ε
291 1864 427 1928 bomines
447 1878 550 1926 omnes
572 1862 683 1927 babent
702 1863 801 1943 aliqua
816 1861 941 1926 laciendi
962 1863 1136 1938 horrorem3
1159 1864 1343 1929 extendendo
1358 1864 1440 1928 bunc

168 1977 206 2040 ad
221 1992 257 2041 ea
273 1992 349 2057 quae
364 1976 486 2053 iaciunt,
506 1975 663 2039 habebitur
672 1977 816 2055 aequitas.
835 1976 865 2039 Si
877 1976 1013 2039 homines
1024 1977 1138 2057 possint
1147 1977 1309 2056 adimplere
1319 1976 1440 2042 nolendi

168 2106 278 2155 nocere
292 2090 359 2153 aliis
373 2090 519 2165 animum,
538 2095 609 2153 tunc
619 2086 790 2153 humanitas
801 2090 857 2152 erit
867 2106 924 2151 usu
934 2090 1128 2153 merbausta:
1143 2090 1166 2155 si
1179 2092 1315 2155 homiues
1325 2089 1440 2170 possint

169 2205 290 2284 crplcre
304 2204 378 2267 nibil
395 2202 558 2267 saturandi
574 2202 719 2279 animum,
734 2203 796 2282 jam
811 2201 968 2283 aequitatis
983 2218 1041 2267 non
1059 2205 1154 2283 potuit
1168 2205 1282 2284 expleri
1295 2221 1368 2268 usus
1378 2204 1435 2282 (l).

171 2317 201 2383 Si
227 2317 306 2382 enim
337 2316 473 2382 bomines
497 2324 619 2395 possent
649 2318 768 2397 explere
798 2317 948 2381 sincemm
972 2316 1105 2379 animum
1131 2334 1190 2382 non
1215 2317 1376 2397 recipiendi
1402 2325 1441 2380 tat

173 2433 289 2512 tuique
304 2431 352 2508 (5)
366 2428 618 2510 compellationes,
645 2445 792 2509 nusquam
807 2431 892 2494 ibunt
907 2430 978 2508 quin
998 2436 1090 2512 agant
1105 2431 1285 2510 aequitatem
1302 2452 1309 2495 :
1328 2432 1354 2495 si
1369 2447 1440 2496 vcro

171 2545 322 2610 litteratus
332 2560 400 2609 cum
411 2559 470 2607 ooo
481 2543 583 2608 deceat
593 2544 673 2623 loqui
689 2544 840 2623 loquatur,
853 2543 881 2606 id
892 2543 949 2606 crit
965 2559 1016 2623 per
1026 2544 1116 2607 verba
1127 2544 1272 2624 expiscari
1288 2547 1396 2620 alium;
1414 2545 1442 2607 si

141 2693 145 2701 ·
173 2674 242 2723 curn
257 2658 359 2723 deceat
373 2657 455 2737 loqui
471 2672 529 2721 non
545 2658 695 2738 loquatur,
720 2657 750 2721 id
764 2657 821 2721 erit
836 2673 889 2737 per
903 2656 1054 2723 silentium
1069 2658 1212 2738 expiscari
1229 2658 1337 2734 aliurn;
1364 2673 1442 2737 quae

174 2772 273 2836 omnia
289 2770 453 2835 suffurandt
468 2776 538 2834 sunt
553 2787 659 2853 genus.

233 2885 286 2948 31.
309 2885 453 2950 blentsius
467 2884 508 2948 ait
526 2904 534 2947 :
552 2884 578 2947 si
594 2884 683 2948 rerba
706 2891 776 2948 sunt
796 2884 882 2949 obvia
902 2890 934 2947 et
953 2900 1058 2948 sensus
1079 2885 1253 2965 prolundos,
1277 2885 1373 2950 bonus
1395 2891 1443 2949 est

175 2998 313 3078 loquendi
324 2998 441 3074 modus;
454 2998 479 3061 si
487 2997 640 3077 disciplina
649 3002 813 3073 'coarctata
825 3004 855 3061 et
865 2997 1016 3061 induentis
1028 2999 1191 3079 perampla,
1203 2998 1281 3062 bona
1292 3007 1338 3062 est
1350 3014 1441 3082 agen·

175 3112 205 3175 di
220 3112 323 3193 regula
341 3109 397 3196 (6).
428 3111 575 3190 Sapientis
588 3112 690 3187 verba,
715 3127 774 3175 non
790 3111 867 3175 intra
883 3110 1037 3193 cingulum
1054 3109 1110 3195 (7),
1137 3117 1168 3175 at
1182 3127 1299 3175 summa
1315 3113 1390 3177 ratio
1404 3111 1443 3175 iis

177 3225 304 3289 residet:
317 3225 459 3304 sapientis
474 3224 628 3304 disciplina
643 3225 751 3289 escolit
766 3225 908 3304 scipsum,
924 3234 955 3288 et
968 3225 1125 3305 imperium
1143 3226 1370 3304 tranquillatum
1388 3227 1441 3289 bo·

178 3337 290 3401 minum
304 3353 377 3402 vero
392 3337 523 3402 delectus
538 3344 594 3414 cst,
619 3343 652 3401 ut
666 3339 815 3402 derelictis
830 3338 892 3402 suis
906 3339 989 3419 agris
1010 3346 1177 3422 expurgent
1195 3339 1320 3402 aliorum
1337 3353 1437 3422 agros,

178 3452 313 3531 quodque
328 3452 453 3534 exigunt
466 3451 504 3515 ab
519 3449 597 3527 aliis,
614 3467 719 3534 grave,
736 3453 814 3532 quod
829 3452 944 3517 veroin
962 3467 993 3515 se
1008 3452 1184 3535 suscipiunt,
1202 3453 1267 3517 leuc
1282 3453 1330 3517 sit.

218 3820 264 3898 (3)
283 3829 378 3889 Juxta
391 3827 586 3906 discipulorum
601 3830 799 3907 capacitatem,
813 3830 864 3899 ait,
880 3828 963 3888 variis
977 3828 1115 3887 institutis
1129 3828 1271 3900 classibus,
1287 3828 1445 3906 preteritas

181 3961 275 4001 eorum
289 3940 386 4031 culpas
401 3960 458 4002 non
472 3961 563 4015 curas,
578 3953 607 4002 et
621 3943 774 4002 dummodo
794 3943 858 4020 quis
873 3962 937 4000 rere
952 3942 1019 4001 velit
1042 3942 1192 4014 addiscere,
1212 3944 1311 4002 statim
1334 3941 1443 4020 recipis,

181 4074 231 4116 nac
243 4054 319 4115 aliud
331 4055 488 4133 quidquam
503 4074 592 4115 curas.
615 4057 691 4116 Dum
706 4075 774 4134 ergo
790 4056 956 4133 magistrum
970 4053 1078 4127 laudat,
1100 4054 1172 4118 belle
1185 4055 1279 4121 iurauit
1291 4055 1350 4117 lieri
1362 4063 1445 4135 potu-

180 4168 233 4228 isse
246 4178 279 4227 ut
291 4170 365 4247 quis,
379 4189 413 4230 eo
426 4170 523 4243 inscio,
537 4168 663 4231 calceum
675 4169 848 4248 surripuerit.

219 4271 266 4349 (4)
285 4282 341 4344 Seu
356 4284 476 4360 aequitas
489 4302 546 4342 non
561 4284 664 4361 poterit
677 4281 729 4343 ulli
741 4283 816 4342 actui
830 4282 952 4342 deiicere.

219 4385 265 4465 (5)
286 4395 395 4467 Quibus
407 4396 484 4457 furca
497 4393 599 4474 aliique
612 4396 754 4475 equitatis
767 4415 861 4456 osores
874 4415 924 4474 per
935 4394 1135 4456 contumeliam
1148 4392 1363 4474 compellantur.

219 4498 267 4579 (o)
287 4510 447 4591 Disciplina
459 4518 604 4570 coarctata
616 4510 647 4570 in
659 4529 690 4571 se
703 4528 799 4569 unum

219 4615 267 4697 (7)
285 4626 409 4705 Antiqui
423 4642 482 4683 non
494 4622 570 4683 inira
583 4624 723 4685 adstantis
731 4621 875 4702 cingulum
889 4621 985 4683 oculos
997 4621 1184 4700 conjiciebant
1197 4621 1283 4685 :bino
1297 4619 1446 4705 metapho-

180 4759 239 4800 ram
253 4738 395 4805 Mentsius
407 4737 503 4814 sumit,
517 4736 555 4801 ad
568 4738 679 4799 obvium
695 4745 725 4797 et
739 4737 858 4797 vicinius
870 4736 1055 4797 innuendum.
