3672 5690
751 518 856 563 muna
876 518 1012 563 somnum
1457 505 1513 563 155

253 650 289 700 ac
304 633 463 700 horremus
487 633 598 698 malum
622 632 754 709 odorem,
780 631 902 712 perinde
915 647 951 695 ao
964 648 1099 696 amamus
1123 633 1231 697 honam
1255 634 1395 714 speciem,
1412 640 1442 698 et
1455 635 1513 699 hoc

253 754 376 813 vocatur
389 748 447 812 sihi
461 747 630 813 satisfacere
646 765 654 809 z
669 746 793 825 ideoque
816 745 935 825 sapiens
948 746 995 809 vir
1008 747 1140 825 proiecto
1160 746 1298 829 invigilat
1311 762 1365 813 suo
1379 745 1513 811 interiori

255 858 309 946 (1).
322 859 1066 941 Vileshomiuessolisecnhantesaguntnonrecte,
1082 864 1112 924 et
1120 875 1266 939 nusquam
1274 876 1332 940 quo
1340 876 1398 924 non
1408 876 1511 924 excur-

253 980 321 1038 rant
332 994 339 1036 :
352 973 565 1054 perspicientes
578 973 741 1054 sapientem
755 971 864 1049 vimm,
878 979 950 1035 tune
960 988 1031 1036 vero
1042 972 1229 1037 dissimulare
1243 973 1399 1049 videntur;
1415 976 1514 1038 celant

253 1102 337 1151 suam
351 1086 583 1166 improbitatem,
596 1091 627 1150 et
636 1084 776 1150 exhibent
786 1101 819 1150 se
829 1084 937 1166 prohos
953 1083 1008 1169 (2).
1032 1084 1071 1148 hi
1083 1103 1152 1150 cum
1166 1086 1216 1149 alii
1229 1086 1434 1167 interspiciant
1447 1103 1510 1163 eos,

252 1202 334 1265 velut
346 1200 528 1280 inspicerent
540 1215 644 1264 eorum
658 1199 798 1263 interiora
811 1198 926 1263 viscera
940 1198 1064 1275 scilieet,
1078 1198 1212 1278 jamvero
1226 1199 1296 1278 quid
1310 1200 1441 1278 proderit
1452 1196 1513 1284 (tit

252 1314 296 1377 lta
309 1313 453 1377 dicitursi
464 1312 623 1377 realitasin
633 1314 762 1389 interno,
778 1311 919 1377 indicium
933 1313 1029 1376 eritiu
1040 1319 1174 1378 externo.
1196 1312 1382 1393 Quapropter
1395 1313 1514 1393 sapiens

252 1427 298 1489 vir
318 1427 450 1507 protecto
472 1426 610 1508 invigilat
634 1442 688 1490 suo
710 1424 855 1489 interiori.
888 1426 990 1508 Tseng
1003 1433 1048 1491 tse
1061 1425 1126 1492 ideo
1139 1424 1237 1491 aiebat
1252 1446 1260 1489 :
1278 1432 1322 1490 tot
1335 1427 1414 1491 oculi
1435 1426 1514 1506 quod

252 1540 362 1616 udent,
378 1546 463 1605 ettot
476 1532 669 1620 manos'puod
679 1545 857 1615 monstrant,
873 1540 903 1603 id
918 1555 1016 1604 nonne
1030 1540 1298 1619 pertimescendum
1308 1536 1375 1624 (lit
1392 1541 1430 1603 Ut
1440 1540 1513 1603 divi·

254 1654 459 1718 tiaeexomant
481 1653 615 1730 domurn,
630 1653 671 1716 ita
685 1653 781 1716 virtus
795 1653 970 1717 cohonestat
992 1667 1162 1732 personam,
1188 1652 1338 1717 internum
1363 1653 1514 1718 dilatando

253 1766 352 1847 sicum
374 1772 531 1832 externum
554 1767 739 1846 explicando.
769 1765 896 1831 Proinde
918 1766 1036 1847 sapiens
1057 1767 1189 1847 proiecto
1208 1766 1312 1849 dirigit
1325 1768 1512 1831 suasvotun·

253 1886 338 1945 tates·

255 2004 436 2015 ——n-...—--.

292 2061 336 2137 (1)
359 2047 401 2130 W
417 2041 467 2141 Ε,
481 2066 591 2128 siucero
604 2086 727 2147 veroque
742 2069 838 2129 animo
851 2066 923 2130 velle
934 2076 963 2129 et
973 2067 1101 2147 prosequi
1114 2069 1229 2142 bonum,
1244 2069 1367 2129 aversari
1377 2079 1407 2130 et
1417 2070 1513 2148 lugere

252 2181 369 2256 malum,
381 2183 453 2243 sicut
465 2179 541 2242 ultro
554 2200 718 2242 aversamur
737 2183 875 2256 foetorem,
889 2190 919 2242 et
932 2201 1061 2241 amemus
1073 2180 1318 2260 pulchritudinem.
1341 2162 1383 2244 ᾗ
1395 2204 1444 2244 seo
1458 2163 1512 2259 iffi,

252 2312 310 2355 suae
323 2296 511 2368 conscientia,
524 2315 583 2354 nou
596 2294 718 2354 oliorum
738 2294 827 2356 oculis
846 2295 1015 2355 satisfacere.
1036 2277 1089 2368 ᾗ,
1102 2296 1178 2371 quod
1191 2294 1265 2355 solus
1279 2296 1398 2373 quisque
1410 2299 1512 2372 noscit,

252 2408 387 2469 interiora
394 2406 905 2487 etsecreta.-Recolehaecquotnor:
917 2386 967 2482 lli,
974 2408 1101 2486 regimen
1110 2408 1186 2468 verbi
1194 2409 1287 2481 activi,
1296 2410 1369 2486 quod
1375 2410 1491 2469 dicineus
1503 2437 1513 2470 .·

258 2499 295 2581 ἕ
310 2536 374 2582 cum
387 2500 438 2595 dd,
449 2519 594 2599 explicui:
610 2497 652 2581 Ε
662 2531 691 2582 et
700 2499 754 2598 ll,
768 2524 854 2582 verba
866 2529 896 2583 et
909 2522 1044 2598 nomina3
1059 2521 1144 2581 verbe
1158 2523 1241 2582 tertio
1256 2530 1325 2582 tono
1339 2522 1512 2585 efferuntur:

256 2614 306 2711 ἶ,
320 2635 455 2695 articulus
468 2642 533 2713 post
545 2655 710 2713 pronomen.

293 2735 334 2822 (2)
357 2726 491 2814 ffivalei
505 2718 558 2823 R,
572 2748 761 2828 exprimitqne
780 2770 811 2809 se
831 2748 954 2809 tenebris
980 2745 1142 2808 involvendi
1169 2748 1291 2809 modum.
1321 2723 1420 2811 diest
1442 2758 1513 2809 nota

253 2862 457 2935 adverbiorum,
479 2864 538 2923 sive
559 2860 681 2940 simplex
705 2862 812 2923 efficiat
834 2858 1012 2935 vocabulum,
1026 2870 1058 2921 ut
1072 2833 1114 2924 lg
1130 2841 1172 2929 mi
1190 2844 1239 2936 Β,
1258 2864 1433 2940 suspiranter
1449 2865 1512 2924 ait:

254 2976 312 3034 sive
325 2977 478 3053 geminum,
492 2985 526 3037 ut
540 2956 583 3040 ᾗ
599 2956 641 3040 ffi
656 2955 698 3043 ml
712 2976 882 3054 ordinatim3
898 2975 957 3035 sive
969 2975 1111 3053 integram
1125 2974 1260 3053 phrasim,
1270 2983 1303 3035 nt
1313 2992 1381 3036 mox
1396 2996 1514 3054 appare·

254 3088 296 3148 bit
309 3089 493 3149 :adverbium
507 3098 612 3161 eutem,
626 3090 703 3168 quod
715 3088 764 3149 hic
776 3089 863 3168 probe
876 3096 976 3149 notare
995 3088 1087 3166 juvat,
1101 3088 1179 3148 verbi
1193 3097 1287 3167 potest
1300 3096 1396 3149 tenere
1409 3087 1513 3164 locum,

254 3210 284 3261 et
295 3209 387 3260 totum
409 3202 537 3263 claudere
558 3202 692 3283 phrasim,
712 3210 811 3279 estque
823 3199 871 3262 hic
883 3202 965 3278 quasi
979 3201 1127 3273 diceretur,
1153 3214 1220 3263 tuuc
1233 3222 1296 3261 vero
1307 3212 1372 3262 aunt
1385 3202 1513 3262 dissimo-

255 3316 370 3374 qutium
390 3315 487 3375 instar.
496 3350 537 3363 -
547 3314 648 3377 Recole
661 3317 749 3377 etism
761 3313 837 3375 illius
852 3293 892 3372 ᾗ
907 3314 1122 3393 oppositionem,
1146 3317 1235 3373 celant
1248 3316 1321 3392 qnod
1336 3335 1391 3373 reon
1404 3315 1512 3390 mm,
1606 3313 1609 3319 ’

254 3428 376 3487 culidem
386 3438 476 3489 auem
489 3429 564 3508 quod
576 3430 673 3488 bonum
697 3452 708 3489 .·
730 3428 805 3488 unde
817 3426 888 3488 illud
901 3428 1038 3508 conjicere
1050 3426 1165 3504 juverit,
1185 3446 1258 3506 saepe
1271 3429 1356 3507 hujus
1363 3426 1513 3506 ”partiente

255 3541 311 3599 vim
325 3560 383 3600 non
397 3541 481 3601 aliam
495 3562 563 3617 esse,
578 3561 664 3622 quam
679 3551 712 3602 ut
724 3541 895 3621 superiorem
918 3542 1042 3619 phrasim
1064 3540 1166 3601 reddet
1178 3540 1350 3601 incidentem
1365 3550 1416 3601 aut
1430 3542 1513 3604 obso-

253 3652 354 3727 lutam,
368 3658 483 3714 celantes
495 3675 548 3715 esto
560 3675 616 3714 uon
628 3658 699 3715 hoco
711 3657 832 3714 exhibent
847 3674 899 3713 sua
912 3655 990 3715 bono.

295 3762 339 3837 (3)
358 3741 398 3823 αἶ
415 3766 558 3843 articulus,
570 3772 607 3828 lea
619 3760 740 3844 lemma,
752 3772 790 3827 les
798 3779 911 3829 ouum.-
925 3746 963 3826 fil
978 3766 1140 3829 concludit:
1152 3747 1194 3835 ἦ
1209 3772 1257 3843 ita,
1270 3788 1319 3827 nec
1331 3768 1421 3844 aliter,
1442 3777 1514 3830 noto

254 3881 379 3942 adverbii
394 3890 485 3941 totam
499 3881 625 3960 phrasim
639 3882 773 3943 efficiens.

292 3986 338 4065 (4)
360 3994 420 4056 Am
440 3993 585 4072 explicent
599 4017 607 4055 r
621 3996 701 4056 velut
719 4015 793 4057 esses
812 3995 909 4057 decem
932 3992 1017 4055 omlis
1040 3994 1204 4056 observatus
1217 4002 1246 4055 et
1259 3994 1356 4056 decem
1379 3996 1513 4058 manibus

253 4116 434 4182 monstratus,
444 4110 485 4169 sic
493 4117 576 4169 ceute
589 4111 678 4169 viras
690 4110 834 4189 Interpres
846 4108 960 4179 (Tchou
969 4098 1013 4174 hi)
1024 4128 1090 4169 vero
1100 4109 1225 4188 exponit,
1236 4107 1277 4168 nil
1288 4128 1347 4170 esse
1361 4108 1522 4183 occultum,

253 4221 322 4296 quin
334 4221 485 4300 aliquando
498 4240 529 4282 se
542 4223 653 4301 prodat.

254 4377 319 4487 Ἣ
347 4404 570 4484 consurgeres,
585 4404 677 4483 digito
690 4411 864 4465 moneam:
909 4376 979 4493 Β
992 4404 1083 4478 som,
1096 4403 1268 4478 fecundare,
1281 4403 1414 4468 rmum.

347 4518 456 4592 docere,
471 4514 639 4607 significare.
912 4499 977 4608 ᾗ)
994 4518 1050 4594 Ou,
1063 4519 1173 4593 domus,
1186 4526 1301 4579 tectum.
1440 4524 1443 4529 '

254 4605 322 4714 (fi
347 4629 424 4705 Yam,
440 4629 708 4695 severustsedulus.
721 4632 759 4694 Il·
772 4633 820 4693 80.
900 4605 964 4720 ‘fl
994 4632 1111 4710 Koattg,
1124 4632 1245 4711 sumplus,
1259 4630 1404 4712 ampliore
1436 4604 1508 4717 ff,

270 4722 333 4837 Ξ)
346 4747 421 4821 For,
438 4741 572 4827 locuples
586 4744 686 4807 ditare
924 4752 927 4759 '
993 4747 1090 4809 Metiri
1108 4742 1320 4843 latitudinem
1375 4788 1379 4810 1
