3672 5690
714 449 803 545 mann
828 499 1033 551 bonnoniam
1451 489 1507 550 tto

279 613 330 677 13.
356 613 520 679 Goniucius
533 615 574 679 ait
590 634 597 677 :
614 616 662 679 lor
678 630 737 678 non
752 613 874 678 dissidet
896 614 1029 692 bomini;
1046 615 1071 679 si
1085 617 1175 680 bomo
1199 624 1305 699 ageret
1328 618 1426 699 legem
1441 635 1508 699 qum

239 727 379 792 dissideat
397 728 523 804 bomini,
539 744 598 792 non
613 735 713 808 posset
728 728 843 792 censeri
857 730 906 792 lex
923 725 978 812 (t).
1001 731 1126 793 Carmen
1143 727 1185 813 (1.
1206 729 1293 814 158.)
1310 731 1352 809 ait
1369 751 1376 794 :
1397 757 1410 788 α
1428 734 1507 796 cade

239 840 443 917 manubrium,
460 842 538 906 caedo
551 843 753 918 manubrium,
769 841 835 920 ejus
849 842 1002 921 exemplar
1015 859 1073 907 non
1090 843 1208 906 distat»
1235 845 1369 923 accipere
1393 846 1507 910 securis
1622 886 1628 897 ·

239 954 430 1019 manubrium
453 956 489 1018 ad
510 956 704 1019 excidendum
731 957 871 1033 alterum,
902 955 1021 1034 obliquo
1047 956 1156 1019 intuitu
1184 958 1396 1022 considerando
1418 958 1504 1035 illud,

238 1069 335 1134 adbuc
353 1068 573 1132 existimabitur
595 1075 754 1133 remotum.
780 1068 893 1134 Idcirco
909 1068 1027 1149 sapiens
1041 1085 1094 1149 per
1107 1070 1268 1149 ipsummet
1282 1071 1431 1135 bominem
1446 1072 1506 1136 ins·

239 1182 318 1246 titnit
333 1183 485 1247 bominem
501 1179 558 1265 (2),
579 1188 772 1263 correctoque
784 1198 857 1249 vero
871 1184 960 1247 sistit.
983 1184 1081 1248 verax
1093 1183 1168 1262 ipsc,
1182 1199 1219 1247 eu
1232 1200 1265 1248 se
1279 1183 1404 1247 metiens
1418 1185 1505 1261 alios,

239 1297 361 1361 dissidet
374 1296 436 1378 legi
451 1312 509 1360 non
525 1299 650 1376 procul;
673 1299 724 1379 agi
745 1296 824 1360 enim
838 1312 911 1379 erga
926 1312 958 1360 se
972 1297 1051 1376 (prod
1065 1313 1125 1360 non
1140 1304 1233 1377 optat,
1259 1297 1350 1361 etiam
1363 1313 1421 1361 non
1436 1305 1508 1380 agot

239 1426 310 1492 erga
319 1410 406 1474 alios.
425 1410 572 1491 Sapientis
583 1412 705 1493 regulae
716 1417 844 1489 quatuor
855 1426 935 1493 :ego
945 1411 1054 1475 K‘ieou
1068 1410 1194 1474 necdum
1205 1410 1291 1492 attigi
1303 1426 1393 1474 unam
1407 1430 1414 1473 :
1428 1413 1508 1490 quod

239 1523 357 1606 euigoa
374 1524 445 1599 tilio,
461 1524 519 1588 boc
533 1524 682 1588 deservire
696 1523 784 1603 patri,
801 1524 933 1588 nondum
952 1524 1035 1604 potui
1050 1520 1114 1606 (3);
1138 1525 1216 1604 quod
1230 1523 1318 1606 exigo
1331 1539 1348 1586 a
1363 1526 1504 1602 vassalio,

239 1639 295 1700 boc
308 1638 455 1700 inservire
469 1637 606 1717 principi,
623 1638 755 1701 nondum
769 1638 851 1716 potui
865 1655 874 1714 ;
900 1638 979 1716 quod
993 1638 1080 1720 erigo
1094 1654 1111 1699 a
1126 1637 1218 1701 fratrc
1232 1637 1358 1713 minore,
1373 1638 1432 1702 boc
1444 1655 1506 1703 scr·

238 1750 301 1814 rire
315 1750 433 1829 majori,
458 1751 590 1814 nondum
612 1750 712 1830 potui,
736 1752 815 1830 quod
828 1751 915 1833 exigo
930 1752 968 1814 ab
981 1752 1077 1814 anuto
1090 1768 1158 1815 cum
1173 1752 1281 1827 amico,
1297 1750 1377 1829 prior
1391 1750 1507 1816 deterre

239 1864 277 1939 ei,
293 1865 426 1927 nondum
441 1863 534 1943 potui.
556 1865 592 1928 In
607 1864 825 1928 ordinariorum
846 1864 990 1927 virtutum
1012 1865 1153 1929 exercitio
1168 1871 1198 1929 et
1211 1864 1428 1929 ordinariorum
1443 1881 1505 1929 scr·

238 1992 360 2041 monum
375 1978 651 2057 circumspectione,
665 1976 690 2040 si
702 1976 741 2039 sit
751 1978 829 2055 quod
841 1993 899 2041 non
912 1978 1029 2053 sufficit,
1043 1993 1103 2041 non
1114 1978 1223 2042 andero
1238 1993 1297 2041 non
1311 1976 1425 2053 conari,
1438 1979 1506 2042 etsi

239 2089 383 2154 bibentur
397 2091 593 2170 superfluum,
609 2106 669 2154 nou
684 2090 794 2154 andere
808 2098 903 2155 totum
917 2090 1086 2166 effundere,
1103 2092 1145 2154 ita
1155 2099 1189 2154 ut
1203 2090 1293 2155 verba
1308 2092 1506 2170 respondeant

238 2205 376 2283 operibns
389 2210 420 2268 et
433 2218 523 2283 opera
538 2204 735 2284 respondeant
749 2203 848 2267 verbis
863 2200 906 2289 (4)
924 2223 931 2268 :
948 2203 992 2268 sic
1005 2205 1123 2283 sapicns
1136 2205 1284 2285 quomodo
1298 2219 1357 2267 uon
1372 2206 1430 2268 erit
1444 2205 1504 2269 sin·

238 2332 304 2381 cere
318 2318 468 2397 perfectus
484 2314 552 2401 (5)t

278 2433 330 2496 14.
366 2431 490 2511 Sapiens
513 2431 558 2494 vir
576 2447 635 2511 qua
659 2437 795 2495 versatur
818 2431 985 2496 conditione
1010 2432 1053 2496 sic
1076 2433 1151 2515 agit,
1177 2448 1233 2497 nec
1255 2433 1368 2514 aspirat
1388 2433 1426 2495 ad
1447 2432 1505 2512 ipsi

238 2545 366 2609 alienum
383 2564 391 2608 :
408 2551 545 2608 vorsatus
558 2544 589 2607 in
603 2544 714 2608 divitiis
727 2550 757 2609 et
770 2543 935 2621 nobilitate,
957 2545 1022 2627 agit
1034 2551 1068 2608 ut
1080 2546 1163 2610 dives
1176 2552 1207 2609 et
1220 2547 1349 2623 nobitis;
1366 2553 1505 2610 versatus

237 2657 266 2721 in
289 2658 430 2738 pauperie
452 2665 483 2722 et
503 2658 679 2738 abjectione,
706 2658 770 2740 agit
791 2664 824 2720 ut
844 2673 955 2737 pauper
976 2666 1006 2721 et
1026 2658 1159 2738 abjectus
1175 2676 1183 2735 ;
1199 2667 1335 2724 versatus
1353 2660 1431 2740 apud
1452 2675 1502 2723 ex·

238 2780 315 2836 teros
329 2772 469 2836 occiduos
482 2778 535 2835 ant
547 2772 694 2847 boreales,
709 2772 774 2854 agit
791 2778 825 2835 ut
842 2777 963 2835 exterus
976 2771 1117 2836 occiduus
1129 2779 1182 2835 aut
1195 2771 1323 2837 borealis
1338 2791 1347 2850 ;
1365 2778 1503 2836 versatus

236 2885 265 2948 in
292 2885 446 2949 aerumnis
465 2891 497 2950 et
516 2885 676 2968 angustiis,
709 2885 774 2967 agit
802 2892 836 2948 ut
862 2899 1061 2950 aerumnosus
1090 2891 1121 2949 et
1150 2893 1360 2968 angustatus:
1384 2885 1503 2965 sapiens

272 3346 320 3424 (l)
340 3354 455 3433 Agendi
475 3353 575 3433 regula
594 3354 695 3432 cuique
715 3353 802 3414 obsis
814 3364 874 3433 est3
894 3361 1058 3435 portentosa
1071 3361 1101 3413 et
1113 3355 1341 3415 extraordinaria
1360 3355 1501 3433 persequi,

229 3466 290 3544 jam
305 3488 364 3527 non
377 3476 420 3529 est
432 3469 537 3547 agarmi
556 3465 664 3545 regrrln.
686 3501 726 3515 -
746 3466 826 3528 Illius
838 3447 877 3526 iffi
890 3466 1031 3548 perpende
1053 3467 1120 3541 vim,
1138 3478 1164 3527 ct
1183 3478 1283 3541 ararim,
1304 3487 1365 3545 qnoe
1384 3478 1501 3529 tanen:

235 3581 309 3641 unde
330 3581 463 3658 conjicies
484 3600 640 3661 pronomen
664 3589 792 3641 nostrum
806 3580 957 3641 relativum
974 3579 1029 3638 rite
1041 3600 1247 3660 nonnunquam
1262 3601 1312 3660 per
1325 3600 1390 3641 enm
1413 3583 1502 3661 parti-

233 3693 326 3754 culam
340 3695 441 3754 efferri.

273 3798 319 3877 (2)
337 3805 393 3867 Per
413 3808 596 3869 intrinsecum
617 3809 736 3869 rationis
749 3807 855 3884 lumen,
871 3831 930 3870 non
944 3828 1009 3869 vero
1022 3807 1066 3866 uti
1079 3808 1167 3882 faber,
1181 3809 1232 3886 qui
1244 3829 1295 3888 per
1307 3810 1500 3871 extrinsecum

220 3923 414 3989 ,manubrium
427 3919 552 3981 alterum
563 3923 741 3983 manubrium
754 3924 893 3984 efformet.

271 4011 584 4109 mmmmm

271 4140 317 4221 (4)
336 4149 406 4209 Non
420 4147 568 4224 sufficiens,
586 4150 623 4210 nd
637 4150 771 4228 m’rtutes3
787 4151 966 4229 superfluum,
981 4150 1019 4210 sd
1032 4168 1176 4211 sermones
1188 4156 1318 4231 spectum
1334 4128 1376 4210 U
1391 4153 1499 4215 indicet

230 4272 362 4321 mutuum
377 4262 431 4322 sibi
444 4262 675 4340 respondentium
689 4270 856 4343 respectum.

266 4366 314 4447 (5)
338 4355 389 4449 ἦ,
403 4374 532 4435 mundae
555 4394 681 4454 personae
704 4397 869 4456 pronomen,
883 4385 926 4438 est
940 4377 1027 4437 etiam
1047 4376 1168 4456 duplicis
1189 4395 1255 4437 usus
1275 4378 1414 4457 porticula
1427 4401 1436 4439 t
1450 4378 1496 4440 rel

226 4490 304 4550 emm
329 4489 459 4570 phrasim
483 4490 626 4563 termium,
643 4497 673 4549 et
688 4497 757 4550 tnnc
780 4509 855 4570 aaepo
868 4512 886 4551 a
901 4466 942 4547 ’ἷῖ
958 4489 1002 4551 rel
1018 4466 1058 4554 ἦ
1073 4491 1231 4564 roboratur,
1246 4470 1288 4549 ᾗ
1306 4471 1356 4565 ἦ,
1372 4466 1412 4554 ἦ
1431 4471 1496 4555 fla

226 4603 269 4663 rel
283 4603 454 4665 adverbium
467 4602 545 4677 facit,
560 4612 593 4662 ut
604 4601 652 4663 hic
666 4605 697 4666 in
710 4606 945 4685 textuhabetn13
967 4604 1101 4665 adverbio
1114 4612 1220 4678 sutem,
1234 4601 1297 4666 loco
1310 4606 1397 4683 verbi,
1411 4605 1496 4686 phre-

218 4726 276 4788 sim
291 4719 408 4785 amolvi
416 4720 480 4801 jam
493 4719 662 4782 notavimus
