3556 5664
533 478 630 522 11111
650 479 808 524 moussoux
820 494 861 511 -
873 479 949 523 rans
969 480 1059 524 11111
1369 468 1431 528 aad

158 594 320 670 elementa,
344 598 375 658 et
389 610 422 659 se
436 592 506 657 dicit
521 608 580 657 non
600 607 700 672 posse,
724 572 896 673 isseipsum
911 593 1032 673 perdit:
1051 593 1102 674 qui
1121 595 1192 659 dicit
1212 613 1299 660 suum
1320 598 1428 676 princi·

157 724 225 788 pem
246 722 308 770 non
333 722 428 787 posse,
454 706 480 769 is
501 706 597 786 perdit
618 722 706 770 suum
728 706 903 786 principem.
933 705 1117 787 Quicumque
1137 708 1281 774 babentes
1301 717 1430 790 quatuor

158 819 302 901 principia
323 821 354 884 in
375 820 471 895 uobis,
495 819 624 883 sciamus
646 819 763 903 integre
785 821 944 885 extendere
965 825 1054 901 atqne
1075 821 1237 901 adimplere
1256 837 1300 901 ea,
1327 824 1385 887 erit
1399 824 1429 888 id

157 935 233 998 sicut
256 933 339 1016 ignis
360 934 504 1014 incipiens
527 933 663 1015 llagrare,
690 940 720 996 et
741 932 807 996 lons
829 932 973 1013 incipiens
994 950 1161 1014 erumpere.
1192 936 1222 999 Si
1243 936 1310 1016 quis
1332 941 1431 1017 potest

157 1047 323 1128 adimplere
341 1046 405 1122 illa,
430 1061 484 1126 par
497 1053 543 1109 ast
557 1045 595 1109 ad
614 1046 870 1125 complectendum
885 1054 1013 1126 quatuor
1034 1048 1145 1125 maria;
1172 1049 1196 1111 sl
1212 1065 1272 1113 non
1287 1050 1432 1130 adimplet

157 1160 220 1238 illa,
238 1177 296 1226 nec
310 1167 399 1240 aptus
413 1161 449 1223 ad
464 1159 685 1224 inserviendum
701 1158 883 1240 parentibus.

216 1277 248 1338 7.
271 1274 418 1339 Mentsius
432 1274 475 1337 ait
491 1292 498 1336 :
517 1273 696 1355 sagittarum
716 1272 822 1337 artifex
841 1274 986 1353 numquid
1006 1274 1198 1340 inhumanior
1218 1291 1307 1355 qoam
1330 1278 1431 1341 tlrora·

158 1404 226 1453 cum
243 1389 365 1468 opifex?
391 1388 428 1451 Et
449 1393 549 1452 111111
572 1386 746 1469 sagittarius
767 1386 857 1452 homo
879 1386 1023 1450 duntaxat
1045 1386 1130 1455 timet
1152 1405 1190 1452 ne
1213 1405 1271 1453 non
1294 1391 1434 1454 vulneret

158 1502 322 1568 homines:
342 1501 502 1565 loricarum
517 1500 624 1563 artifex
644 1499 788 1563 duntaxat
808 1499 893 1563 timet
908 1516 944 1564 no
959 1502 1155 1565 vulnerentur
1175 1503 1322 1567 homines.
1346 1503 1433 1586 Saga

159 1622 189 1678 ct
203 1615 385 1680 feretrorum
405 1613 525 1695 opilices
545 1612 649 1677 codem
669 1613 757 1679 modo
773 1608 828 1697 (l).
851 1612 921 1678 ldeo
935 1614 1009 1681 artis
1029 1614 1162 1679 delectos
1183 1631 1243 1680 non
1260 1623 1356 1696 potest
1371 1632 1433 1680 non

159 1728 321 1810 diligenter
339 1726 492 1808 perpendi.
514 1726 674 1791 donlucius
692 1726 790 1791 aiebat
807 1745 814 1788 :
833 1726 864 1788 Si
880 1727 964 1790 ricus
984 1727 1169 1795 inmanitate
1184 1734 1230 1794 ast
1251 1729 1430 1807 laudandus,

160 1841 293 1923 seligens
308 1858 368 1907 non
384 1840 517 1905 babitare
531 1839 727 1903 humanitatis
741 1840 854 1915 sedem,
871 1841 1019 1919 quomodo
1035 1847 1116 1905 tenot
1131 1843 1338 1920 prudentiam?
1355 1841 1433 1906 Sane

159 1954 334 2018 humanitas
348 1962 395 2019 est
410 1953 477 2018 coeli
493 1952 601 2017 nobilis
615 1952 757 2035 dignitas,
771 1953 925 2017 hominum
937 1954 1097 2035 tranquilla
1108 1956 1204 2020 sedes.
1224 1957 1317 2020 Nemo
1332 1954 1362 2017 id
1378 1955 1433 2018 im·

160 2067 251 2148 pedit,
271 2074 417 2132 ettamen
436 2082 496 2131 non
518 2066 564 2128 vis
584 2067 811 2142 humanitatem,
836 2067 893 2131 boo
908 2073 1028 2132 estnon
1044 2084 1110 2131 csse
1131 2069 1272 2148 prudens.
1301 2067 1357 2140 Qui
1372 2085 1434 2132 non

161 2190 206 2245 cst
219 2181 385 2259 humanus,
408 2196 464 2246 nec
478 2184 525 2243 est
540 2179 681 2258 prudens,
704 2187 786 2245 caret
804 2179 984 2256 urbanitate,
1007 2185 1089 2245 caret
1102 2181 1253 2261 equitate,
1277 2181 1434 2246 bominum

161 2311 270 2359 servus
285 2300 341 2361 est.
369 2293 504 2360 Aliorum
526 2308 631 2357 servus
650 2308 716 2356 esso
731 2300 762 2357 ct
776 2293 951 2358 erubescere
972 2309 1063 2375 agere
1084 2295 1270 2371 servitutem,
1295 2302 1341 2361 est
1356 2295 1434 2359 siout

161 2408 319 2472 arcuarius
335 2410 424 2474 bomo
439 2406 488 2486 qui
504 2404 653 2471 erubescit
667 2404 764 2471 iacere
779 2421 878 2481 arcus,
891 2413 921 2469 et
935 2408 1109 2488 sagittarius
1124 2409 1214 2472 bomo
1225 2408 1275 2488 qui
1285 2408 1435 2473 erubescit

162 2522 262 2586 lacere
277 2522 403 2605 sagittas
415 2518 468 2605 (2).
489 2519 520 2584 Si
530 2518 681 2584 erubescis
690 2520 775 2596 illud,
788 2519 829 2582 nil
842 2519 1038 2599 potiusquam
1049 2536 1188 2589 exercere
1201 2521 1431 2587 burnauitatem.

163 2635 353 2711 Humanitas,
375 2635 453 2699 siout
464 2633 607 2712 jaculatio
623 2628 666 2717 (3)
685 2652 693 2696 1
709 2631 857 2711 jaculator
876 2632 977 2715 dirigit
999 2633 1129 2712 saipsum
1144 2641 1175 2698 et
1190 2642 1291 2714 postea
1311 2635 1432 2709 emittit,

163 2748 241 2812 etsi
265 2746 375 2812 emittit
389 2746 460 2829 quin
483 2747 633 2822 collineari,
664 2761 723 2810 non
747 2753 902 2810 succenset
923 2746 1109 2811 uincentibus
1131 2764 1174 2825 so,
1205 2748 1256 2812 scd
1279 2746 1435 2811 rellectens

164 2861 274 2941 quaerit
289 2861 434 2926 rationem
449 2876 466 2924 1
482 2859 591 2939 seipso,
609 2865 638 2925 et
653 2859 694 2921 nil
713 2859 804 2923 aliud.

222 2977 254 3040 8.
279 2974 423 3039 Moutsius
437 2974 499 3051 ait,-
512 2973 571 3037 Tse
585 2973 648 3047 lon,
665 2972 772 3053 siquis
788 2972 927 3041 monebat
941 2974 1050 3052 ipsum,
1068 2975 1146 3053 quod
1164 2973 1286 3038 baboret
1302 2975 1433 3053 culpam,

165 3094 238 3153 tunc
254 3088 419 3151 letabatur.
441 3088 490 3151 Yu
505 3085 628 3149 audiens
643 3085 752 3153 bonum
768 3085 937 3161 consilinm,
955 3086 1055 3150 statim
1070 3103 1183 3166 pronus
1197 3087 1355 3150 salutabat.
1374 3087 1435 3148 lda-

164 3218 247 3284 gnus
273 3200 373 3266 Gboen
400 3201 527 3264 babebat
548 3199 659 3278 aliquid
680 3198 793 3278 majus3
821 3197 961 3264 virtutem
984 3216 1052 3263 cum
1074 3201 1141 3263 aliis
1162 3199 1400 3264 communicabat
1425 3217 1433 3262 ε

164 3315 309 3395 abjiciens
322 3330 355 3379 se
369 3314 547 3393 sequebatur
561 3312 652 3388 alios;
670 3311 818 3395 gaudmat
832 3312 965 3393 accipere
980 3312 1017 3376 ab
1032 3313 1098 3378 aliis
1113 3315 1149 3377 ad
1165 3313 1359 3378 exercendam
1377 3313 1435 3375 rir-

164 3435 272 3492 tutem.
291 3430 336 3490 Ex
345 3442 404 3507 quo
414 3435 525 3502 arator,
544 3426 716 3502 seminator,
730 3425 847 3508 figulus,
865 3426 1003 3505 piscator,
1016 3427 1181 3506 usquedum
1193 3427 1249 3490 luit
1259 3426 1434 3504 imperator,

164 3556 321 3622 nunquam
342 3555 401 3605 non
421 3541 534 3620 accepit
549 3539 587 3603 ab
601 3538 678 3603 aliis.
707 3537 847 3618 Accipere
862 3539 900 3602 ab
915 3540 981 3603 aliis
1001 3539 1039 3602 ad
1060 3540 1255 3607 exercendam
1281 3539 1435 3615 virtutem,

165 3661 215 3720 cst
228 3656 300 3720 dare
314 3654 382 3718 aliis
395 3633 532 3719 exercere
547 3654 688 3719 uirtutem
705 3647 748 3738 (4)
768 3672 775 3715 :
792 3652 859 3718 ideo
874 3653 991 3734 sapiens
1007 3654 1107 3721 nullus
1122 3653 1325 3729 excellentior,
1346 3667 1437 3732 quam

165 3767 276 3849 jurans
290 3768 367 3832 alios
380 3783 519 3833 exercere
534 3767 688 3832 virtutem.

207 4133 255 4214 (1)
276 4141 1440 4221 111111111111111111111,11111111111111111111111111

169 4277 237 4318 roro
250 4254 443 4336 pollinctores.

209 4361 257 4442 (2)
282 4343 317 4432 ἡ
336 4368 432 4430 valeat
447 4348 503 4434 Β.

208 4474 254 4556 (3)
276 4481 305 4542 Α
318 4483 410 4563 seipso
422 4483 528 4564 pandet
541 4505 549 4545 =
562 4483 587 4545 si
600 4480 710 4544 defectu
729 4482 915 4544 humanitatis
927 4480 979 4543 flas
992 4480 1113 4543 aliorum
1127 4502 1233 4558 servus,
1248 4482 1301 4545 tibi
1318 4479 1440 4559 imputa.

208 4589 254 4668 (4)
275 4594 403 4658 Alterius
416 4598 548 4693 uirtutem
561 4599 590 4657 in
604 4616 636 4658 se
647 4596 813 4677 exprimere,
827 4604 871 4657 est
883 4592 964 4656 illum
979 4596 1071 4676 magis
1086 4596 1121 4657 ad
1136 4599 1270 4659 virtutem
1285 4593 1413 4656 animare
1429 4615 1439 4654 a

169 4712 299 4791 adeoque
314 4712 352 4774 ab
364 4711 501 4790 omnibus
511 4711 644 4790 accipere,
659 4718 703 4772 ast
716 4731 814 4772 omnes
828 4710 865 4772 ad
877 4710 1012 4771 riatutam
1025 4729 1197 4789 promouere.
