<?xml version="1.0" encoding="UTF-8"?>
<!DOCTYPE html PUBLIC "-//W3C//DTD XHTML 1.0 Transitional//EN"
    "http://www.w3.org/TR/xhtml1/DTD/xhtml1-transitional.dtd">
<html xmlns="http://www.w3.org/1999/xhtml" xml:lang="en" lang="en">
 <head>
  <title>
</title>
<meta http-equiv="Content-Type" content="text/html;charset=utf-8" />
  <meta name='ocr-system' content='tesseract 3.04.00' />
  <meta name='ocr-capabilities' content='ocr_page ocr_carea ocr_par ocr_line ocrx_word'/>
</head>
<body>
  <div class='ocr_page' id='page_1' title='image "./cursuslitteratu00zottgoog_0483.png"; bbox 0 0 3556 5664; ppageno 0'>
   <div class='ocr_carea' id='block_1_1' title="bbox 538 493 1439 555">
    <p class='ocr_par' dir='ltr' id='par_1_1' title="bbox 538 493 1439 555">
     <span class='ocr_line' id='line_1_1' title="bbox 538 493 1439 555; baseline 0 -1"><span class='ocrx_word' id='word_1_1' title='bbox 538 508 635 554; x_wconf 75' lang='lat' dir='ltr'><strong>oxurru</strong></span> <span class='ocrx_word' id='word_1_2' title='bbox 653 507 812 553; x_wconf 77' lang='lat' dir='ltr'><strong>enommux</strong></span> <span class='ocrx_word' id='word_1_3' title='bbox 824 525 867 539; x_wconf 97' lang='lat'>-</span> <span class='ocrx_word' id='word_1_4' title='bbox 878 508 954 552; x_wconf 74' lang='lat' dir='ltr'><strong>rane</strong></span> <span class='ocrx_word' id='word_1_5' title='bbox 972 508 1063 552; x_wconf 75' lang='lat' dir='ltr'><strong>mrou</strong></span> <span class='ocrx_word' id='word_1_6' title='bbox 1379 493 1439 555; x_wconf 76' lang='lat' dir='ltr'><strong>tta</strong></span> 
     </span>
    </p>
   </div>
   <div class='ocr_carea' id='block_1_2' title="bbox 163 620 1442 3542">
    <p class='ocr_par' dir='ltr' id='par_1_2' title="bbox 163 620 1442 3542">
     <span class='ocr_line' id='line_1_2' title="bbox 164 620 1439 710; baseline -0.002 -22"><span class='ocrx_word' id='word_1_7' title='bbox 164 637 291 688; x_wconf 83' lang='lat' dir='ltr'><strong>manum</strong></span> <span class='ocrx_word' id='word_1_8' title='bbox 308 620 364 710; x_wconf 82' lang='lat' dir='ltr'><strong>(l).</strong></span> <span class='ocrx_word' id='word_1_9' title='bbox 394 621 468 687; x_wconf 82' lang='lat' dir='ltr'><strong>nit:</strong></span> <span class='ocrx_word' id='word_1_10' title='bbox 491 622 518 686; x_wconf 89' lang='lat' dir='ltr'><strong>si</strong></span> <span class='ocrx_word' id='word_1_11' title='bbox 536 623 605 699; x_wconf 90' lang='lat' dir='ltr'><strong>boo,</strong></span> <span class='ocrx_word' id='word_1_12' title='bbox 630 628 702 687; x_wconf 86' lang='lat' dir='ltr'><strong>tunc</strong></span> <span class='ocrx_word' id='word_1_13' title='bbox 722 621 859 701; x_wconf 88' lang='lat' dir='ltr'><strong>discipuli</strong></span> <span class='ocrx_word' id='word_1_14' title='bbox 880 621 1002 686; x_wconf 92' lang='lat' dir='ltr'><strong>dubium</strong></span> <span class='ocrx_word' id='word_1_15' title='bbox 1024 623 1133 688; x_wconf 86' lang='lat' dir='ltr'><strong>crescit</strong></span> <span class='ocrx_word' id='word_1_16' title='bbox 1153 623 1251 688; x_wconf 84' lang='lat' dir='ltr'><strong>valdo.</strong></span> <span class='ocrx_word' id='word_1_17' title='bbox 1277 622 1439 686; x_wconf 83' lang='lat' dir='ltr'><strong>Enimvero</strong></span> 
     </span>
     <span class='ocr_line' id='line_1_3' title="bbox 163 734 1436 818; baseline -0.002 -17"><span class='ocrx_word' id='word_1_18' title='bbox 163 736 335 802; x_wconf 86' lang='lat' dir='ltr'><strong>adbibeudo</strong></span> <span class='ocrx_word' id='word_1_19' title='bbox 356 738 435 803; x_wconf 90' lang='lat' dir='ltr'><strong>Weu</strong></span> <span class='ocrx_word' id='word_1_20' title='bbox 450 735 531 818; x_wconf 77' lang='lat' dir='ltr'><strong>regis</strong></span> <span class='ocrx_word' id='word_1_21' title='bbox 547 734 700 813; x_wconf 84' lang='lat' dir='ltr'><strong>virtutem,</strong></span> <span class='ocrx_word' id='word_1_22' title='bbox 717 741 749 801; x_wconf 90' lang='lat' dir='ltr'><strong>et</strong></span> <span class='ocrx_word' id='word_1_23' title='bbox 762 741 882 799; x_wconf 89' lang='lat' dir='ltr'><strong>centurn</strong></span> <span class='ocrx_word' id='word_1_24' title='bbox 897 750 1004 812; x_wconf 85' lang='lat' dir='ltr'><strong>annos,</strong></span> <span class='ocrx_word' id='word_1_25' title='bbox 1027 752 1096 800; x_wconf 89' lang='lat' dir='ltr'><strong>eum</strong></span> <span class='ocrx_word' id='word_1_26' title='bbox 1115 744 1217 816; x_wconf 87' lang='lat' dir='ltr'><strong>postea</strong></span> <span class='ocrx_word' id='word_1_27' title='bbox 1233 743 1370 801; x_wconf 90' lang='lat' dir='ltr'><strong>mortuus</strong></span> <span class='ocrx_word' id='word_1_28' title='bbox 1385 735 1436 811; x_wconf 87' lang='lat' dir='ltr'><strong>sit,</strong></span> 
     </span>
     <span class='ocr_line' id='line_1_4' title="bbox 164 848 1438 931; baseline -0.001 -17"><span class='ocrx_word' id='word_1_29' title='bbox 164 851 264 915; x_wconf 86' lang='lat' dir='ltr'><strong>adbuc</strong></span> <span class='ocrx_word' id='word_1_30' title='bbox 286 850 420 915; x_wconf 91' lang='lat' dir='ltr'><strong>nondum</strong></span> <span class='ocrx_word' id='word_1_31' title='bbox 442 848 547 914; x_wconf 79' lang='lat' dir='ltr'><strong>diffusa</strong></span> <span class='ocrx_word' id='word_1_32' title='bbox 563 848 664 912; x_wconf 78' lang='lat' dir='ltr'><strong>dultin</strong></span> <span class='ocrx_word' id='word_1_33' title='bbox 679 855 775 913; x_wconf 89' lang='lat' dir='ltr'><strong>totum</strong></span> <span class='ocrx_word' id='word_1_34' title='bbox 797 848 968 928; x_wconf 89' lang='lat' dir='ltr'><strong>imperium,</strong></span> <span class='ocrx_word' id='word_1_35' title='bbox 985 855 1016 913; x_wconf 90' lang='lat' dir='ltr'><strong>et</strong></span> <span class='ocrx_word' id='word_1_36' title='bbox 1031 848 1076 913; x_wconf 88' lang='lat' dir='ltr'><strong>Ou</strong></span> <span class='ocrx_word' id='word_1_37' title='bbox 1093 866 1164 931; x_wconf 80' lang='lat' dir='ltr'><strong>roge</strong></span> <span class='ocrx_word' id='word_1_38' title='bbox 1178 857 1208 914; x_wconf 89' lang='lat' dir='ltr'><strong>et</strong></span> <span class='ocrx_word' id='word_1_39' title='bbox 1222 850 1343 914; x_wconf 90' lang='lat' dir='ltr'><strong>cheou</strong></span> <span class='ocrx_word' id='word_1_40' title='bbox 1358 850 1438 913; x_wconf 86' lang='lat' dir='ltr'><strong>Duce</strong></span> 
     </span>
     <span class='ocr_line' id='line_1_5' title="bbox 164 960 1437 1045; baseline -0.003 -17"><span class='ocrx_word' id='word_1_41' title='bbox 164 962 411 1028; x_wconf 74' lang='lat' dir='ltr'><strong>continuantibus</strong></span> <span class='ocrx_word' id='word_1_42' title='bbox 425 976 511 1042; x_wconf 88' lang='lat' dir='ltr'><strong>opus,</strong></span> <span class='ocrx_word' id='word_1_43' title='bbox 530 969 601 1025; x_wconf 90' lang='lat' dir='ltr'><strong>tunc</strong></span> <span class='ocrx_word' id='word_1_44' title='bbox 615 962 736 1026; x_wconf 91' lang='lat' dir='ltr'><strong>demum</strong></span> <span class='ocrx_word' id='word_1_45' title='bbox 749 962 808 1026; x_wconf 90' lang='lat' dir='ltr'><strong>late</strong></span> <span class='ocrx_word' id='word_1_46' title='bbox 819 970 982 1045; x_wconf 74' lang='lat' dir='ltr'><strong>propagata</strong></span> <span class='ocrx_word' id='word_1_47' title='bbox 998 962 1063 1026; x_wconf 80' lang='lat' dir='ltr'><strong>tuit.</strong></span> <span class='ocrx_word' id='word_1_48' title='bbox 1087 963 1173 1028; x_wconf 88' lang='lat' dir='ltr'><strong>Nune</strong></span> <span class='ocrx_word' id='word_1_49' title='bbox 1187 963 1272 1039; x_wconf 86' lang='lat' dir='ltr'><strong>dicis,</strong></span> <span class='ocrx_word' id='word_1_50' title='bbox 1289 960 1437 1042; x_wconf 89' lang='lat' dir='ltr'><strong>imperan-</strong></span> 
     </span>
     <span class='ocr_line' id='line_1_6' title="bbox 165 1055 1435 1158; baseline -0.002 -18"><span class='ocrx_word' id='word_1_51' title='bbox 165 1084 226 1140; x_wconf 91' lang='lat' dir='ltr'><strong>tem</strong></span> <span class='ocrx_word' id='word_1_52' title='bbox 238 1077 305 1141; x_wconf 87' lang='lat' dir='ltr'><strong>lieri</strong></span> <span class='ocrx_word' id='word_1_53' title='bbox 315 1077 389 1140; x_wconf 88' lang='lat' dir='ltr'><strong>adeo</strong></span> <span class='ocrx_word' id='word_1_54' title='bbox 405 1075 483 1141; x_wconf 80' lang='lat' dir='ltr'><strong>facili</strong></span> <span class='ocrx_word' id='word_1_55' title='bbox 499 1074 587 1139; x_wconf 92' lang='lat' dir='ltr'><strong>modo</strong></span> <span class='ocrx_word' id='word_1_56' title='bbox 599 1095 607 1138; x_wconf 75' lang='grc' dir='ltr'>ε</span> <span class='ocrx_word' id='word_1_57' title='bbox 620 1088 694 1157; x_wconf 73' lang='lat' dir='ltr'><strong>ergo</strong></span> <span class='ocrx_word' id='word_1_58' title='bbox 709 1077 788 1139; x_wconf 89' lang='lat' dir='ltr'><strong>ch</strong></span> <span class='ocrx_word' id='word_1_59' title='bbox 798 1055 851 1139; x_wconf 85' lang='lat' dir='ltr'><strong>rex</strong></span> <span class='ocrx_word' id='word_1_60' title='bbox 861 1088 957 1156; x_wconf 87' lang='lat' dir='ltr'><strong>nequo</strong></span> <span class='ocrx_word' id='word_1_61' title='bbox 972 1076 1082 1158; x_wconf 79' lang='lat' dir='ltr'><strong>dignus</strong></span> <span class='ocrx_word' id='word_1_62' title='bbox 1096 1075 1234 1140; x_wconf 72' lang='lat' dir='ltr'><strong>imitatu?</strong></span> <span class='ocrx_word' id='word_1_63' title='bbox 1252 1074 1435 1156; x_wconf 79' lang='lat' dir='ltr'><strong>Respondit:</strong></span> 
     </span>
     <span class='ocr_line' id='line_1_7' title="bbox 165 1188 1439 1274; baseline -0.004 -19"><span class='ocrx_word' id='word_1_64' title='bbox 165 1190 245 1255; x_wconf 87' lang='lat' dir='ltr'><strong>Wod</strong></span> <span class='ocrx_word' id='word_1_65' title='bbox 262 1190 329 1274; x_wconf 74' lang='lat' dir='ltr'><strong>regi</strong></span> <span class='ocrx_word' id='word_1_66' title='bbox 344 1191 394 1269; x_wconf 83' lang='lat' dir='ltr'><strong>oui</strong></span> <span class='ocrx_word' id='word_1_67' title='bbox 410 1196 510 1270; x_wconf 89' lang='lat' dir='ltr'><strong>posset</strong></span> <span class='ocrx_word' id='word_1_68' title='bbox 525 1189 684 1253; x_wconf 79' lang='lat' dir='ltr'><strong>contendi?</strong></span> <span class='ocrx_word' id='word_1_69' title='bbox 704 1188 761 1254; x_wconf 91' lang='lat' dir='ltr'><strong>Sod</strong></span> <span class='ocrx_word' id='word_1_70' title='bbox 777 1205 794 1252; x_wconf 92' lang='lat' dir='ltr'><strong>a</strong></span> <span class='ocrx_word' id='word_1_71' title='bbox 810 1189 912 1272; x_wconf 77' lang='lat' dir='ltr'><strong>T‘ang</strong></span> <span class='ocrx_word' id='word_1_72' title='bbox 927 1204 1022 1269; x_wconf 82' lang='lat' dir='ltr'><strong>usque</strong></span> <span class='ocrx_word' id='word_1_73' title='bbox 1036 1189 1074 1252; x_wconf 92' lang='lat' dir='ltr'><strong>ad</strong></span> <span class='ocrx_word' id='word_1_74' title='bbox 1088 1189 1133 1254; x_wconf 90' lang='lat' dir='ltr'><strong>0u</strong></span> <span class='ocrx_word' id='word_1_75' title='bbox 1150 1189 1227 1271; x_wconf 78' lang='lat' dir='ltr'><strong>tiug,</strong></span> <span class='ocrx_word' id='word_1_76' title='bbox 1245 1189 1394 1269; x_wconf 82' lang='lat' dir='ltr'><strong>sopientes</strong></span> <span class='ocrx_word' id='word_1_77' title='bbox 1407 1193 1439 1253; x_wconf 93' lang='lat' dir='ltr'><strong>et</strong></span> 
     </span>
     <span class='ocr_line' id='line_1_8' title="bbox 165 1301 1438 1385; baseline -0.002 -19"><span class='ocrx_word' id='word_1_78' title='bbox 165 1304 263 1367; x_wconf 82' lang='lat' dir='ltr'><strong>sancd</strong></span> <span class='ocrx_word' id='word_1_79' title='bbox 290 1305 497 1385; x_wconf 85' lang='lat' dir='ltr'><strong>imperatores,</strong></span> <span class='ocrx_word' id='word_1_80' title='bbox 521 1318 573 1366; x_wconf 86' lang='lat' dir='ltr'><strong>sex</strong></span> <span class='ocrx_word' id='word_1_81' title='bbox 594 1308 647 1365; x_wconf 89' lang='lat' dir='ltr'><strong>aut</strong></span> <span class='ocrx_word' id='word_1_82' title='bbox 668 1309 783 1382; x_wconf 88' lang='lat' dir='ltr'><strong>septem</strong></span> <span class='ocrx_word' id='word_1_83' title='bbox 808 1310 1017 1379; x_wconf 86' lang='lat' dir='ltr'><strong>surrexerant;</strong></span> <span class='ocrx_word' id='word_1_84' title='bbox 1036 1310 1066 1367; x_wconf 89' lang='lat' dir='ltr'><strong>et</strong></span> <span class='ocrx_word' id='word_1_85' title='bbox 1080 1303 1239 1381; x_wconf 89' lang='lat' dir='ltr'><strong>imperium</strong></span> <span class='ocrx_word' id='word_1_86' title='bbox 1263 1301 1438 1366; x_wconf 86' lang='lat' dir='ltr'><strong>obsecutum</strong></span> 
     </span>
     <span class='ocr_line' id='line_1_9' title="bbox 166 1410 1439 1499; baseline -0.002 -20"><span class='ocrx_word' id='word_1_87' title='bbox 166 1415 265 1480; x_wconf 86' lang='lat' dir='ltr'><strong>iuerat</strong></span> <span class='ocrx_word' id='word_1_88' title='bbox 277 1410 327 1480; x_wconf 81' lang='lat' dir='ltr'><strong>Yn</strong></span> <span class='ocrx_word' id='word_1_89' title='bbox 337 1417 388 1480; x_wconf 93' lang='lat' dir='ltr'><strong>diu</strong></span> <span class='ocrx_word' id='word_1_90' title='bbox 400 1436 408 1479; x_wconf 74' lang='grc' dir='ltr'>ε</span> <span class='ocrx_word' id='word_1_91' title='bbox 421 1416 484 1491; x_wconf 88' lang='lat' dir='ltr'><strong>diu,</strong></span> <span class='ocrx_word' id='word_1_92' title='bbox 501 1414 624 1495; x_wconf 80' lang='lat' dir='ltr'><strong>proinde</strong></span> <span class='ocrx_word' id='word_1_93' title='bbox 639 1415 756 1480; x_wconf 87' lang='lat' dir='ltr'><strong>dilllcile</strong></span> <span class='ocrx_word' id='word_1_94' title='bbox 771 1415 953 1479; x_wconf 72' lang='lat' dir='ltr'><strong>mutabatur.</strong></span> <span class='ocrx_word' id='word_1_95' title='bbox 977 1414 1021 1480; x_wconf 92' lang='lat' dir='ltr'><strong>Ou</strong></span> <span class='ocrx_word' id='word_1_96' title='bbox 1032 1415 1099 1499; x_wconf 77' lang='lat' dir='ltr'><strong>tlng</strong></span> <span class='ocrx_word' id='word_1_97' title='bbox 1113 1431 1281 1481; x_wconf 84' lang='lat' dir='ltr'><strong>convocans</strong></span> <span class='ocrx_word' id='word_1_98' title='bbox 1290 1415 1328 1479; x_wconf 86' lang='lat' dir='ltr'><strong>ad</strong></span> <span class='ocrx_word' id='word_1_99' title='bbox 1338 1415 1439 1478; x_wconf 89' lang='lat' dir='ltr'><strong>aulam</strong></span> 
     </span>
     <span class='ocr_line' id='line_1_10' title="bbox 165 1522 1440 1611; baseline -0.002 -19"><span class='ocrx_word' id='word_1_100' title='bbox 165 1531 292 1611; x_wconf 72' lang='lat' dir='ltr'><strong>regulos</strong></span> <span class='ocrx_word' id='word_1_101' title='bbox 307 1535 444 1595; x_wconf 86' lang='lat' dir='ltr'><strong>tenuerat</strong></span> <span class='ocrx_word' id='word_1_102' title='bbox 458 1524 617 1608; x_wconf 85' lang='lat' dir='ltr'><strong>imperium</strong></span> <span class='ocrx_word' id='word_1_103' title='bbox 633 1528 725 1593; x_wconf 90' lang='lat' dir='ltr'><strong>veluti</strong></span> <span class='ocrx_word' id='word_1_104' title='bbox 741 1529 879 1593; x_wconf 82' lang='lat' dir='ltr'><strong>vertisset</strong></span> <span class='ocrx_word' id='word_1_105' title='bbox 894 1522 968 1593; x_wconf 93' lang='lat' dir='ltr'><strong>illud</strong></span> <span class='ocrx_word' id='word_1_106' title='bbox 982 1528 1013 1594; x_wconf 91' lang='lat' dir='ltr'><strong>in</strong></span> <span class='ocrx_word' id='word_1_107' title='bbox 1029 1530 1127 1609; x_wconf 83' lang='lat' dir='ltr'><strong>palma</strong></span> <span class='ocrx_word' id='word_1_108' title='bbox 1146 1549 1154 1593; x_wconf 94' lang='lat'>:</span> <span class='ocrx_word' id='word_1_109' title='bbox 1172 1530 1293 1595; x_wconf 89' lang='lat' dir='ltr'><strong>Tobeou</strong></span> <span class='ocrx_word' id='word_1_110' title='bbox 1311 1527 1440 1592; x_wconf 82' lang='lat' dir='ltr'><strong>distabat</strong></span> 
     </span>
     <span class='ocr_line' id='line_1_11' title="bbox 164 1636 1440 1726; baseline -0.002 -19"><span class='ocrx_word' id='word_1_111' title='bbox 164 1641 204 1707; x_wconf 86' lang='lat' dir='ltr'><strong>ab</strong></span> <span class='ocrx_word' id='word_1_112' title='bbox 218 1642 266 1707; x_wconf 84' lang='lat' dir='ltr'><strong>tiu</strong></span> <span class='ocrx_word' id='word_1_113' title='bbox 283 1644 350 1726; x_wconf 78' lang='lat' dir='ltr'><strong>tiog</strong></span> <span class='ocrx_word' id='word_1_114' title='bbox 365 1658 423 1707; x_wconf 91' lang='lat' dir='ltr'><strong>uon</strong></span> <span class='ocrx_word' id='word_1_115' title='bbox 440 1642 530 1725; x_wconf 80' lang='lat' dir='ltr'><strong>longe</strong></span> <span class='ocrx_word' id='word_1_116' title='bbox 547 1661 555 1706; x_wconf 74' lang='grc' dir='ltr'><strong><em>ε</em></strong></span> <span class='ocrx_word' id='word_1_117' title='bbox 572 1641 632 1706; x_wconf 84' lang='lat' dir='ltr'><strong>illae</strong></span> <span class='ocrx_word' id='word_1_118' title='bbox 646 1642 776 1722; x_wconf 77' lang='lat' dir='ltr'><strong>antique</strong></span> <span class='ocrx_word' id='word_1_119' title='bbox 791 1638 910 1706; x_wconf 78' lang='lat' dir='ltr'><strong>familiae</strong></span> <span class='ocrx_word' id='word_1_120' title='bbox 924 1648 956 1706; x_wconf 89' lang='lat' dir='ltr'><strong>et</strong></span> <span class='ocrx_word' id='word_1_121' title='bbox 970 1643 1138 1706; x_wconf 85' lang='lat' dir='ltr'><strong>trunsnnssi</strong></span> <span class='ocrx_word' id='word_1_122' title='bbox 1153 1656 1264 1720; x_wconf 79' lang='lat' dir='ltr'><strong>mores,</strong></span> <span class='ocrx_word' id='word_1_123' title='bbox 1288 1636 1440 1707; x_wconf 68' lang='lat' dir='ltr'><strong>nanuum</strong></span> 
     </span>
     <span class='ocr_line' id='line_1_12' title="bbox 165 1748 1440 1840; baseline -0.003 -19"><span class='ocrx_word' id='word_1_124' title='bbox 165 1757 346 1837; x_wconf 79' lang='lat' dir='ltr'><strong>exemplam</strong></span> <span class='ocrx_word' id='word_1_125' title='bbox 361 1754 576 1831; x_wconf 75' lang='lat' dir='ltr'><strong>institutiones,</strong></span> <span class='ocrx_word' id='word_1_126' title='bbox 593 1756 691 1820; x_wconf 90' lang='lat' dir='ltr'><strong>adbuc</strong></span> <span class='ocrx_word' id='word_1_127' title='bbox 705 1756 805 1836; x_wconf 78' lang='lat' dir='ltr'><strong>aliqua</strong></span> <span class='ocrx_word' id='word_1_128' title='bbox 820 1752 1102 1840; x_wconf 75' lang='lat' dir='ltr'><strong>perseverabantll)</strong></span> <span class='ocrx_word' id='word_1_129' title='bbox 1115 1776 1122 1819; x_wconf 93' lang='lat'>:</span> <span class='ocrx_word' id='word_1_130' title='bbox 1137 1757 1259 1838; x_wconf 84' lang='lat' dir='ltr'><strong>insuper</strong></span> <span class='ocrx_word' id='word_1_131' title='bbox 1272 1748 1440 1821; x_wconf 76' lang='lat' dir='ltr'><strong>existebant</strong></span> 
     </span>
     <span class='ocr_line' id='line_1_13' title="bbox 166 1862 1437 1954; baseline -0.003 -19"><span class='ocrx_word' id='word_1_132' title='bbox 166 1869 236 1935; x_wconf 85' lang='lat' dir='ltr'><strong>Wei</strong></span> <span class='ocrx_word' id='word_1_133' title='bbox 259 1876 308 1934; x_wconf 84' lang='lat' dir='ltr'><strong>tse</strong></span> <span class='ocrx_word' id='word_1_134' title='bbox 327 1878 359 1936; x_wconf 86' lang='lat' dir='ltr'><strong>et</strong></span> <span class='ocrx_word' id='word_1_135' title='bbox 380 1862 448 1934; x_wconf 87' lang='lat' dir='ltr'><strong>Wei</strong></span> <span class='ocrx_word' id='word_1_136' title='bbox 474 1870 594 1951; x_wconf 82' lang='lat' dir='ltr'><strong>teboug,</strong></span> <span class='ocrx_word' id='word_1_137' title='bbox 625 1868 708 1952; x_wconf 77' lang='lat' dir='ltr'><strong>regia</strong></span> <span class='ocrx_word' id='word_1_138' title='bbox 733 1869 824 1950; x_wconf 87' lang='lat' dir='ltr'><strong>stirps</strong></span> <span class='ocrx_word' id='word_1_139' title='bbox 841 1868 875 1932; x_wconf 88' lang='lat' dir='ltr'><strong>Pi</strong></span> <span class='ocrx_word' id='word_1_140' title='bbox 890 1869 960 1945; x_wconf 84' lang='lat' dir='ltr'><strong>lau,</strong></span> <span class='ocrx_word' id='word_1_141' title='bbox 978 1869 1016 1933; x_wconf 82' lang='lat' dir='ltr'><strong>lli</strong></span> <span class='ocrx_word' id='word_1_142' title='bbox 1036 1875 1081 1934; x_wconf 88' lang='lat' dir='ltr'><strong>tso</strong></span> <span class='ocrx_word' id='word_1_143' title='bbox 1098 1866 1153 1954; x_wconf 83' lang='lat'><strong>(3),</strong></span> <span class='ocrx_word' id='word_1_144' title='bbox 1178 1877 1268 1951; x_wconf 88' lang='lat' dir='ltr'><strong>utque</strong></span> <span class='ocrx_word' id='word_1_145' title='bbox 1288 1868 1365 1934; x_wconf 85' lang='lat' dir='ltr'><strong>Kiao</strong></span> <span class='ocrx_word' id='word_1_146' title='bbox 1387 1869 1437 1945; x_wconf 86' lang='lat' dir='ltr'><strong>lo,</strong></span> 
     </span>
     <span class='ocr_line' id='line_1_14' title="bbox 166 1978 1436 2067; baseline -0.001 -20"><span class='ocrx_word' id='word_1_147' title='bbox 166 1998 275 2049; x_wconf 88' lang='lat' dir='ltr'><strong>omnes</strong></span> <span class='ocrx_word' id='word_1_148' title='bbox 298 1985 448 2064; x_wconf 86' lang='lat' dir='ltr'><strong>sapientes</strong></span> <span class='ocrx_word' id='word_1_149' title='bbox 469 1978 571 2048; x_wconf 83' lang='lat' dir='ltr'><strong>viriet</strong></span> <span class='ocrx_word' id='word_1_150' title='bbox 587 1982 676 2046; x_wconf 84' lang='lat' dir='ltr'><strong>simul</strong></span> <span class='ocrx_word' id='word_1_151' title='bbox 699 1981 831 2065; x_wconf 80' lang='lat' dir='ltr'><strong>colligati</strong></span> <span class='ocrx_word' id='word_1_152' title='bbox 856 1982 1043 2046; x_wconf 80' lang='lat' dir='ltr'><strong>sustinebant</strong></span> <span class='ocrx_word' id='word_1_153' title='bbox 1056 1987 1088 2047; x_wconf 91' lang='lat' dir='ltr'><strong>et</strong></span> <span class='ocrx_word' id='word_1_154' title='bbox 1099 1982 1244 2062; x_wconf 88' lang='lat' dir='ltr'><strong>juvabant</strong></span> <span class='ocrx_word' id='word_1_155' title='bbox 1268 1984 1353 2047; x_wconf 91' lang='lat' dir='ltr'><strong>illum</strong></span> <span class='ocrx_word' id='word_1_156' title='bbox 1380 1978 1436 2067; x_wconf 79' lang='lat' dir='ltr'><strong>(b).</strong></span> 
     </span>
     <span class='ocr_line' id='line_1_15' title="bbox 167 2094 1440 2177; baseline -0.001 -18"><span class='ocrx_word' id='word_1_157' title='bbox 167 2094 358 2177; x_wconf 76' lang='lat' dir='ltr'><strong>Quapropter</strong></span> <span class='ocrx_word' id='word_1_158' title='bbox 381 2096 499 2161; x_wconf 77' lang='lat' dir='ltr'><strong>nonnisi</strong></span> <span class='ocrx_word' id='word_1_159' title='bbox 515 2095 565 2159; x_wconf 91' lang='lat' dir='ltr'><strong>dlu</strong></span> <span class='ocrx_word' id='word_1_160' title='bbox 580 2101 648 2176; x_wconf 80' lang='lat' dir='ltr'><strong>pout</strong></span> <span class='ocrx_word' id='word_1_161' title='bbox 668 2096 767 2159; x_wconf 77' lang='lat' dir='ltr'><strong>ambsit</strong></span> <span class='ocrx_word' id='word_1_162' title='bbox 789 2096 872 2160; x_wconf 90' lang='lat' dir='ltr'><strong>illud.</strong></span> <span class='ocrx_word' id='word_1_163' title='bbox 906 2096 979 2159; x_wconf 83' lang='lat' dir='ltr'><strong>ltein</strong></span> <span class='ocrx_word' id='word_1_164' title='bbox 994 2112 1047 2176; x_wconf 91' lang='lat' dir='ltr'><strong>pes</strong></span> <span class='ocrx_word' id='word_1_165' title='bbox 1064 2101 1150 2160; x_wconf 84' lang='lat' dir='ltr'><strong>terrae</strong></span> <span class='ocrx_word' id='word_1_166' title='bbox 1172 2098 1273 2161; x_wconf 85' lang='lat' dir='ltr'><strong>nullus</strong></span> <span class='ocrx_word' id='word_1_167' title='bbox 1293 2110 1354 2160; x_wconf 93' lang='lat' dir='ltr'><strong>non</strong></span> <span class='ocrx_word' id='word_1_168' title='bbox 1374 2101 1440 2159; x_wconf 89' lang='lat' dir='ltr'><strong>erat</strong></span> 
     </span>
     <span class='ocr_line' id='line_1_16' title="bbox 167 2200 1439 2298; baseline 0 -25"><span class='ocrx_word' id='word_1_169' title='bbox 167 2210 264 2290; x_wconf 74' lang='lat' dir='ltr'><strong>ipsius</strong></span> <span class='ocrx_word' id='word_1_170' title='bbox 279 2209 437 2298; x_wconf 75' lang='lat' dir='ltr'><strong>possessio,</strong></span> <span class='ocrx_word' id='word_1_171' title='bbox 458 2208 603 2274; x_wconf 87' lang='lat' dir='ltr'><strong>occulius</strong></span> <span class='ocrx_word' id='word_1_172' title='bbox 619 2210 745 2290; x_wconf 80' lang='lat' dir='ltr'><strong>populus</strong></span> <span class='ocrx_word' id='word_1_173' title='bbox 760 2216 820 2274; x_wconf 87' lang='lat' dir='ltr'><strong>nou</strong></span> <span class='ocrx_word' id='word_1_174' title='bbox 830 2217 895 2274; x_wconf 88' lang='lat' dir='ltr'><strong>erat</strong></span> <span class='ocrx_word' id='word_1_175' title='bbox 905 2210 970 2289; x_wconf 87' lang='lat' dir='ltr'><strong>ojus</strong></span> <span class='ocrx_word' id='word_1_176' title='bbox 985 2209 1141 2274; x_wconf 89' lang='lat' dir='ltr'><strong>subditus:</strong></span> <span class='ocrx_word' id='word_1_177' title='bbox 1154 2219 1257 2275; x_wconf 85' lang='lat' dir='ltr'><strong>contra</strong></span> <span class='ocrx_word' id='word_1_178' title='bbox 1272 2224 1344 2275; x_wconf 90' lang='lat' dir='ltr'><strong>vcro</strong></span> <span class='ocrx_word' id='word_1_179' title='bbox 1359 2200 1439 2275; x_wconf 81' lang='lat' dir='ltr'><strong>Won</strong></span> 
     </span>
     <span class='ocr_line' id='line_1_17' title="bbox 168 2319 1440 2406; baseline -0.002 -18"><span class='ocrx_word' id='word_1_180' title='bbox 168 2339 222 2388; x_wconf 83' lang='lat' dir='ltr'><strong>rex</strong></span> <span class='ocrx_word' id='word_1_181' title='bbox 236 2340 276 2388; x_wconf 89' lang='lat' dir='ltr'><strong>ex</strong></span> <span class='ocrx_word' id='word_1_182' title='bbox 291 2323 417 2389; x_wconf 84' lang='lat' dir='ltr'><strong>circuitu</strong></span> <span class='ocrx_word' id='word_1_183' title='bbox 433 2330 554 2389; x_wconf 87' lang='lat' dir='ltr'><strong>centurn</strong></span> <span class='ocrx_word' id='word_1_184' title='bbox 568 2322 732 2387; x_wconf 86' lang='lat' dir='ltr'><strong>stadiorum</strong></span> <span class='ocrx_word' id='word_1_185' title='bbox 749 2323 892 2405; x_wconf 77' lang='lat' dir='ltr'><strong>surgebat</strong></span> <span class='ocrx_word' id='word_1_186' title='bbox 910 2319 964 2406; x_wconf 63' lang='lat'><strong>15),</strong></span> <span class='ocrx_word' id='word_1_187' title='bbox 981 2323 1050 2387; x_wconf 90' lang='lat' dir='ltr'><strong>iude</strong></span> <span class='ocrx_word' id='word_1_188' title='bbox 1064 2323 1231 2389; x_wconf 84' lang='lat' dir='ltr'><strong>difficultas.</strong></span> <span class='ocrx_word' id='word_1_189' title='bbox 1254 2322 1320 2390; x_wconf 84' lang='lat' dir='ltr'><strong>T‘si</strong></span> <span class='ocrx_word' id='word_1_190' title='bbox 1335 2324 1440 2388; x_wconf 82' lang='lat' dir='ltr'><strong>incolo</strong></span> 
     </span>
     <span class='ocr_line' id='line_1_18' title="bbox 168 2434 1440 2521; baseline 0.001 -21"><span class='ocrx_word' id='word_1_191' title='bbox 168 2436 283 2502; x_wconf 86' lang='lat' dir='ltr'><strong>babent</strong></span> <span class='ocrx_word' id='word_1_192' title='bbox 297 2434 441 2521; x_wconf 77' lang='lat' dir='ltr'><strong>adagium</strong></span> <span class='ocrx_word' id='word_1_193' title='bbox 453 2436 555 2501; x_wconf 88' lang='lat' dir='ltr'><strong>diceus</strong></span> <span class='ocrx_word' id='word_1_194' title='bbox 572 2455 579 2499; x_wconf 92' lang='lat'><strong>:</strong></span> <span class='ocrx_word' id='word_1_195' title='bbox 597 2435 734 2515; x_wconf 78' lang='lat' dir='ltr'><strong>quamvis</strong></span> <span class='ocrx_word' id='word_1_196' title='bbox 755 2436 865 2501; x_wconf 81' lang='lat' dir='ltr'><strong>babeas</strong></span> <span class='ocrx_word' id='word_1_197' title='bbox 885 2438 1026 2501; x_wconf 82' lang='lat' dir='ltr'><strong>solertem</strong></span> <span class='ocrx_word' id='word_1_198' title='bbox 1048 2437 1272 2517; x_wconf 80' lang='lat' dir='ltr'><strong>perspicaciam,</strong></span> <span class='ocrx_word' id='word_1_199' title='bbox 1288 2453 1348 2502; x_wconf 93' lang='lat' dir='ltr'><strong>non</strong></span> <span class='ocrx_word' id='word_1_200' title='bbox 1365 2437 1440 2501; x_wconf 83' lang='lat' dir='ltr'><strong>tanti</strong></span> 
     </span>
     <span class='ocr_line' id='line_1_19' title="bbox 168 2548 1439 2631; baseline 0.002 -18"><span class='ocrx_word' id='word_1_201' title='bbox 168 2564 204 2614; x_wconf 85' lang='lat' dir='ltr'><strong>ac</strong></span> <span class='ocrx_word' id='word_1_202' title='bbox 218 2557 346 2631; x_wconf 83' lang='lat' dir='ltr'><strong>captans</strong></span> <span class='ocrx_word' id='word_1_203' title='bbox 360 2549 546 2615; x_wconf 82' lang='lat' dir='ltr'><strong>occasionem</strong></span> <span class='ocrx_word' id='word_1_204' title='bbox 564 2569 571 2613; x_wconf 91' lang='lat'>:</span> <span class='ocrx_word' id='word_1_205' title='bbox 590 2550 726 2629; x_wconf 86' lang='lat' dir='ltr'><strong>quamvis</strong></span> <span class='ocrx_word' id='word_1_206' title='bbox 742 2548 852 2614; x_wconf 87' lang='lat' dir='ltr'><strong>babeas</strong></span> <span class='ocrx_word' id='word_1_207' title='bbox 868 2548 978 2614; x_wconf 83' lang='lat' dir='ltr'><strong>ruralia</strong></span> <span class='ocrx_word' id='word_1_208' title='bbox 992 2549 1202 2628; x_wconf 88' lang='lat' dir='ltr'><strong>iustmmenta,</strong></span> <span class='ocrx_word' id='word_1_209' title='bbox 1220 2567 1279 2616; x_wconf 92' lang='lat' dir='ltr'><strong>non</strong></span> <span class='ocrx_word' id='word_1_210' title='bbox 1296 2550 1372 2616; x_wconf 90' lang='lat' dir='ltr'><strong>sicut</strong></span> <span class='ocrx_word' id='word_1_211' title='bbox 1389 2567 1439 2615; x_wconf 87' lang='lat' dir='ltr'><strong>ex·</strong></span> 
     </span>
     <span class='ocr_line' id='line_1_20' title="bbox 169 2663 1440 2745; baseline 0 -18"><span class='ocrx_word' id='word_1_212' title='bbox 169 2669 295 2743; x_wconf 83' lang='lat' dir='ltr'><strong>poetam</strong></span> <span class='ocrx_word' id='word_1_213' title='bbox 311 2663 582 2744; x_wconf 81' lang='lat' dir='ltr'><strong>tempestivitatem.</strong></span> <span class='ocrx_word' id='word_1_214' title='bbox 606 2663 741 2727; x_wconf 75' lang='lat' dir='ltr'><strong>Praesens</strong></span> <span class='ocrx_word' id='word_1_215' title='bbox 754 2668 871 2742; x_wconf 86' lang='lat' dir='ltr'><strong>tempus</strong></span> <span class='ocrx_word' id='word_1_216' title='bbox 883 2679 953 2729; x_wconf 84' lang='lat' dir='ltr'><strong>vero</strong></span> <span class='ocrx_word' id='word_1_217' title='bbox 964 2663 1189 2743; x_wconf 83' lang='lat' dir='ltr'><strong>lacilequidem.</strong></span> <span class='ocrx_word' id='word_1_218' title='bbox 1207 2665 1262 2728; x_wconf 89' lang='lat' dir='ltr'><strong>llia</strong></span> <span class='ocrx_word' id='word_1_219' title='bbox 1273 2663 1440 2745; x_wconf 88' lang='lat' dir='ltr'><strong>principatu</strong></span> 
     </span>
     <span class='ocr_line' id='line_1_21' title="bbox 169 2775 1439 2852; baseline 0 -10"><span class='ocrx_word' id='word_1_220' title='bbox 169 2785 200 2842; x_wconf 89' lang='lat' dir='ltr'><strong>el</strong></span> <span class='ocrx_word' id='word_1_221' title='bbox 213 2776 266 2841; x_wconf 87' lang='lat' dir='ltr'><strong>Yn</strong></span> <span class='ocrx_word' id='word_1_222' title='bbox 282 2782 313 2842; x_wconf 85' lang='lat' dir='ltr'><strong>et</strong></span> <span class='ocrx_word' id='word_1_223' title='bbox 326 2776 448 2842; x_wconf 83' lang='lat' dir='ltr'><strong>Tebeou</strong></span> <span class='ocrx_word' id='word_1_224' title='bbox 473 2775 658 2852; x_wconf 85' lang='lat' dir='ltr'><strong>doredtibus,</strong></span> <span class='ocrx_word' id='word_1_225' title='bbox 685 2776 869 2841; x_wconf 90' lang='lat' dir='ltr'><strong>territorium</strong></span> <span class='ocrx_word' id='word_1_226' title='bbox 893 2777 1025 2840; x_wconf 91' lang='lat' dir='ltr'><strong>nondum</strong></span> <span class='ocrx_word' id='word_1_227' title='bbox 1040 2783 1105 2840; x_wconf 84' lang='lat' dir='ltr'><strong>crat</strong></span> <span class='ocrx_word' id='word_1_228' title='bbox 1119 2778 1265 2842; x_wconf 81' lang='lat' dir='ltr'><strong>excedens</strong></span> <span class='ocrx_word' id='word_1_229' title='bbox 1281 2780 1363 2842; x_wconf 90' lang='lat' dir='ltr'><strong>mille</strong></span> <span class='ocrx_word' id='word_1_230' title='bbox 1379 2787 1439 2843; x_wconf 86' lang='lat' dir='ltr'><strong>sta·</strong></span> 
     </span>
     <span class='ocr_line' id='line_1_22' title="bbox 169 2887 1441 2975; baseline 0.004 -22"><span class='ocrx_word' id='word_1_231' title='bbox 169 2890 218 2953; x_wconf 89' lang='lat' dir='ltr'><strong>dia</strong></span> <span class='ocrx_word' id='word_1_232' title='bbox 231 2887 295 2975; x_wconf 86' lang='grc'>(6);</span> <span class='ocrx_word' id='word_1_233' title='bbox 308 2906 397 2971; x_wconf 91' lang='lat' dir='ltr'><strong>porro</strong></span> <span class='ocrx_word' id='word_1_234' title='bbox 410 2890 475 2954; x_wconf 88' lang='lat' dir='ltr'><strong>T‘si</strong></span> <span class='ocrx_word' id='word_1_235' title='bbox 486 2890 577 2955; x_wconf 89' lang='lat' dir='ltr'><strong>babet</strong></span> <span class='ocrx_word' id='word_1_236' title='bbox 591 2888 759 2967; x_wconf 77' lang='lat' dir='ltr'><strong>hujusmodi</strong></span> <span class='ocrx_word' id='word_1_237' title='bbox 775 2889 969 2955; x_wconf 87' lang='lat' dir='ltr'><strong>territorium.</strong></span> <span class='ocrx_word' id='word_1_238' title='bbox 992 2888 1147 2954; x_wconf 85' lang='lat' dir='ltr'><strong>Gallorum</strong></span> <span class='ocrx_word' id='word_1_239' title='bbox 1157 2899 1263 2955; x_wconf 89' lang='lat' dir='ltr'><strong>contus</strong></span> <span class='ocrx_word' id='word_1_240' title='bbox 1273 2908 1441 2972; x_wconf 87' lang='lat' dir='ltr'><strong>conumque</strong></span> 
     </span>
     <span class='ocr_line' id='line_1_23' title="bbox 170 3003 1441 3085; baseline 0.002 -18"><span class='ocrx_word' id='word_1_241' title='bbox 170 3003 301 3067; x_wconf 86' lang='lat' dir='ltr'><strong>latratus</strong></span> <span class='ocrx_word' id='word_1_242' title='bbox 315 3003 444 3068; x_wconf 86' lang='lat' dir='ltr'><strong>invicem</strong></span> <span class='ocrx_word' id='word_1_243' title='bbox 464 3003 639 3067; x_wconf 87' lang='lat' dir='ltr'><strong>audiebatur</strong></span> <span class='ocrx_word' id='word_1_244' title='bbox 653 3010 684 3065; x_wconf 92' lang='lat' dir='ltr'><strong>et</strong></span> <span class='ocrx_word' id='word_1_245' title='bbox 699 3003 913 3068; x_wconf 76' lang='lat' dir='ltr'><strong>extendebatur</strong></span> <span class='ocrx_word' id='word_1_246' title='bbox 927 3003 964 3067; x_wconf 93' lang='lat' dir='ltr'><strong>ad</strong></span> <span class='ocrx_word' id='word_1_247' title='bbox 979 3012 1107 3083; x_wconf 84' lang='lat' dir='ltr'><strong>quatuor</strong></span> <span class='ocrx_word' id='word_1_248' title='bbox 1127 3003 1252 3082; x_wconf 87' lang='lat' dir='ltr'><strong>limites;</strong></span> <span class='ocrx_word' id='word_1_249' title='bbox 1270 3020 1359 3085; x_wconf 89' lang='lat' dir='ltr'><strong>porro</strong></span> <span class='ocrx_word' id='word_1_250' title='bbox 1374 3005 1441 3069; x_wconf 88' lang='lat' dir='ltr'><strong>T‘si</strong></span> 
     </span>
     <span class='ocr_line' id='line_1_24' title="bbox 170 3116 1442 3197; baseline 0.002 -18"><span class='ocrx_word' id='word_1_251' title='bbox 170 3116 263 3181; x_wconf 87' lang='lat' dir='ltr'><strong>babet</strong></span> <span class='ocrx_word' id='word_1_252' title='bbox 286 3116 456 3197; x_wconf 75' lang='lat' dir='ltr'><strong>huiusmodi</strong></span> <span class='ocrx_word' id='word_1_253' title='bbox 476 3116 577 3196; x_wconf 91' lang='lat' dir='ltr'><strong>populi</strong></span> <span class='ocrx_word' id='word_1_254' title='bbox 598 3116 805 3195; x_wconf 79' lang='lat' dir='ltr'><strong>frequentiam.</strong></span> <span class='ocrx_word' id='word_1_255' title='bbox 828 3116 921 3180; x_wconf 84' lang='lat' dir='ltr'><strong>Terre</strong></span> <span class='ocrx_word' id='word_1_256' title='bbox 937 3132 996 3180; x_wconf 92' lang='lat' dir='ltr'><strong>nou</strong></span> <span class='ocrx_word' id='word_1_257' title='bbox 1011 3117 1099 3181; x_wconf 88' lang='lat' dir='ltr'><strong>aliter</strong></span> <span class='ocrx_word' id='word_1_258' title='bbox 1113 3117 1293 3197; x_wconf 87' lang='lat' dir='ltr'><strong>amplianda,</strong></span> <span class='ocrx_word' id='word_1_259' title='bbox 1318 3118 1442 3183; x_wconf 85' lang='lat' dir='ltr'><strong>dilatata</strong></span> 
     </span>
     <span class='ocr_line' id='line_1_25' title="bbox 168 3228 1440 3313; baseline 0 -18"><span class='ocrx_word' id='word_1_260' title='bbox 168 3229 251 3310; x_wconf 67' lang='lat' dir='ltr'><strong>janu</strong></span> <span class='ocrx_word' id='word_1_261' title='bbox 268 3232 395 3311; x_wconf 89' lang='lat' dir='ltr'><strong>populus</strong></span> <span class='ocrx_word' id='word_1_262' title='bbox 409 3244 469 3294; x_wconf 89' lang='lat' dir='ltr'><strong>nou</strong></span> <span class='ocrx_word' id='word_1_263' title='bbox 484 3230 572 3294; x_wconf 87' lang='lat' dir='ltr'><strong>aliter</strong></span> <span class='ocrx_word' id='word_1_264' title='bbox 586 3229 750 3310; x_wconf 76' lang='lat' dir='ltr'><strong>augendus,</strong></span> <span class='ocrx_word' id='word_1_265' title='bbox 771 3229 911 3309; x_wconf 82' lang='lat' dir='ltr'><strong>frequens</strong></span> <span class='ocrx_word' id='word_1_266' title='bbox 923 3228 987 3309; x_wconf 82' lang='lat' dir='ltr'><strong>jam</strong></span> <span class='ocrx_word' id='word_1_267' title='bbox 999 3249 1006 3292; x_wconf 91' lang='lat'>:</span> <span class='ocrx_word' id='word_1_268' title='bbox 1020 3231 1137 3312; x_wconf 76' lang='lat' dir='ltr'><strong>agendo</strong></span> <span class='ocrx_word' id='word_1_269' title='bbox 1152 3232 1317 3294; x_wconf 88' lang='lat' dir='ltr'><strong>bumanum</strong></span> <span class='ocrx_word' id='word_1_270' title='bbox 1331 3230 1440 3313; x_wconf 79' lang='lat' dir='ltr'><strong>guber·</strong></span> 
     </span>
     <span class='ocr_line' id='line_1_26' title="bbox 171 3341 1441 3427; baseline 0.002 -20"><span class='ocrx_word' id='word_1_271' title='bbox 171 3345 267 3421; x_wconf 89' lang='lat' dir='ltr'><strong>nium,</strong></span> <span class='ocrx_word' id='word_1_272' title='bbox 298 3343 483 3427; x_wconf 80' lang='lat' dir='ltr'><strong>regnabitur,</strong></span> <span class='ocrx_word' id='word_1_273' title='bbox 505 3350 537 3407; x_wconf 93' lang='lat' dir='ltr'><strong>et</strong></span> <span class='ocrx_word' id='word_1_274' title='bbox 556 3358 644 3408; x_wconf 92' lang='lat' dir='ltr'><strong>nemo</strong></span> <span class='ocrx_word' id='word_1_275' title='bbox 663 3341 693 3405; x_wconf 91' lang='lat' dir='ltr'><strong>id</strong></span> <span class='ocrx_word' id='word_1_276' title='bbox 713 3341 821 3422; x_wconf 88' lang='lat' dir='ltr'><strong>poterit</strong></span> <span class='ocrx_word' id='word_1_277' title='bbox 845 3341 999 3422; x_wconf 88' lang='lat' dir='ltr'><strong>impedire.</strong></span> <span class='ocrx_word' id='word_1_278' title='bbox 1031 3343 1156 3423; x_wconf 91' lang='lat' dir='ltr'><strong>Insuper</strong></span> <span class='ocrx_word' id='word_1_279' title='bbox 1177 3349 1211 3407; x_wconf 91' lang='lat' dir='ltr'><strong>ut</strong></span> <span class='ocrx_word' id='word_1_280' title='bbox 1230 3343 1441 3423; x_wconf 88' lang='lat' dir='ltr'><strong>imperantium</strong></span> 
     </span>
     <span class='ocr_line' id='line_1_27' title="bbox 171 3455 1440 3542; baseline 0 -21"><span class='ocrx_word' id='word_1_281' title='bbox 171 3458 276 3522; x_wconf 85' lang='lat' dir='ltr'><strong>nullus</strong></span> <span class='ocrx_word' id='word_1_282' title='bbox 300 3463 471 3542; x_wconf 78' lang='lat' dir='ltr'><strong>exurgeret,</strong></span> <span class='ocrx_word' id='word_1_283' title='bbox 498 3457 631 3521; x_wconf 92' lang='lat' dir='ltr'><strong>nondum</strong></span> <span class='ocrx_word' id='word_1_284' title='bbox 655 3455 779 3538; x_wconf 75' lang='lat' dir='ltr'><strong>contigit</strong></span> <span class='ocrx_word' id='word_1_285' title='bbox 804 3455 940 3538; x_wconf 77' lang='lat' dir='ltr'><strong>longiore</strong></span> <span class='ocrx_word' id='word_1_286' title='bbox 964 3455 1060 3536; x_wconf 89' lang='lat' dir='ltr'><strong>spatio</strong></span> <span class='ocrx_word' id='word_1_287' title='bbox 1080 3472 1116 3520; x_wconf 91' lang='lat' dir='ltr'><strong>ae</strong></span> <span class='ocrx_word' id='word_1_288' title='bbox 1135 3456 1217 3521; x_wconf 85' lang='lat' dir='ltr'><strong>bisce</strong></span> <span class='ocrx_word' id='word_1_289' title='bbox 1239 3457 1440 3538; x_wconf 79' lang='lat' dir='ltr'><strong>temporibus3</strong></span> 
     </span>
    </p>
   </div>
   <div class='ocr_carea' id='block_1_3' title="bbox 210 3803 1443 4022">
    <p class='ocr_par' dir='ltr' id='par_1_3' title="bbox 210 3803 1443 4022">
     <span class='ocr_line' id='line_1_28' title="bbox 230 3803 488 3891; baseline -0.008 -1"><span class='ocrx_word' id='word_1_290' title='bbox 230 3819 260 3891; x_wconf 82' lang='lat'><strong>1)</strong></span> <span class='ocrx_word' id='word_1_291' title='bbox 284 3803 321 3891; x_wconf 60' lang='lat' dir='ltr'><strong>ih</strong></span> <span class='ocrx_word' id='word_1_292' title='bbox 340 3827 416 3888; x_wconf 75' lang='lat' dir='ltr'><strong>valet</strong></span> <span class='ocrx_word' id='word_1_293' title='bbox 430 3805 488 3891; x_wconf 51' lang='grc' dir='ltr'><strong>Β.</strong></span> 
     </span>
     <span class='ocr_line' id='line_1_29' title="bbox 210 3820 1443 4022; baseline 0.001 -18"><span class='ocrx_word' id='word_1_294' title='bbox 210 3820 263 4012; x_wconf 59' lang='lat' dir='ltr'><strong>{D</strong></span> <span class='ocrx_word' id='word_1_295' title='bbox 282 3942 419 4020; x_wconf 77' lang='lat' dir='ltr'><strong>Antiqure</strong></span> <span class='ocrx_word' id='word_1_296' title='bbox 430 3942 549 4002; x_wconf 82' lang='lat' dir='ltr'><strong>fidorum</strong></span> <span class='ocrx_word' id='word_1_297' title='bbox 562 3941 756 4002; x_wconf 84' lang='lat' dir='ltr'><strong>ministrorum</strong></span> <span class='ocrx_word' id='word_1_298' title='bbox 767 3941 884 4003; x_wconf 73' lang='lat' dir='ltr'><strong>familie</strong></span> <span class='ocrx_word' id='word_1_299' title='bbox 894 3949 924 4002; x_wconf 84' lang='lat' dir='ltr'><strong>et</strong></span> <span class='ocrx_word' id='word_1_300' title='bbox 934 3941 1045 4018; x_wconf 83' lang='lat' dir='ltr'><strong>antiqui</strong></span> <span class='ocrx_word' id='word_1_301' title='bbox 1055 3940 1151 4022; x_wconf 85' lang='lat' dir='ltr'><strong>populi</strong></span> <span class='ocrx_word' id='word_1_302' title='bbox 1166 3958 1265 4015; x_wconf 80' lang='lat' dir='ltr'><strong>moros,</strong></span> <span class='ocrx_word' id='word_1_303' title='bbox 1279 3940 1443 4020; x_wconf 78' lang='lat' dir='ltr'><strong>sapientum</strong></span> 
     </span>
    </p>
   </div>
   <div class='ocr_carea' id='block_1_4' title="bbox 170 4054 1445 4828">
    <p class='ocr_par' dir='ltr' id='par_1_4' title="bbox 170 4054 1111 4135">
     <span class='ocr_line' id='line_1_30' title="bbox 170 4054 1111 4135; baseline -0.004 -18"><span class='ocrx_word' id='word_1_304' title='bbox 170 4075 275 4135; x_wconf 78' lang='lat' dir='ltr'><strong>regum</strong></span> <span class='ocrx_word' id='word_1_305' title='bbox 290 4057 321 4115; x_wconf 88' lang='lat' dir='ltr'><strong>iu</strong></span> <span class='ocrx_word' id='word_1_306' title='bbox 333 4054 430 4135; x_wconf 89' lang='lat' dir='ltr'><strong>populi</strong></span> <span class='ocrx_word' id='word_1_307' title='bbox 444 4054 722 4115; x_wconf 75' lang='lat' dir='ltr'><strong>mxusformutionem</strong></span> <span class='ocrx_word' id='word_1_308' title='bbox 736 4063 766 4115; x_wconf 89' lang='lat' dir='ltr'><strong>et</strong></span> <span class='ocrx_word' id='word_1_309' title='bbox 780 4055 912 4135; x_wconf 80' lang='lat' dir='ltr'><strong>exemplu</strong></span> <span class='ocrx_word' id='word_1_310' title='bbox 925 4063 955 4114; x_wconf 86' lang='lat' dir='ltr'><strong>et</strong></span> <span class='ocrx_word' id='word_1_311' title='bbox 967 4055 1111 4115; x_wconf 83' lang='lat' dir='ltr'><strong>institute.</strong></span> 
     </span>
    </p>

    <p class='ocr_par' dir='ltr' id='par_1_5' title="bbox 172 4161 1445 4362">
     <span class='ocr_line' id='line_1_31' title="bbox 213 4161 1445 4247; baseline 0.002 -17"><span class='ocrx_word' id='word_1_312' title='bbox 213 4161 262 4241; x_wconf 72' lang='lat'><strong>(8)</strong></span> <span class='ocrx_word' id='word_1_313' title='bbox 279 4168 346 4230; x_wconf 85' lang='lat' dir='ltr'><strong>Wei</strong></span> <span class='ocrx_word' id='word_1_314' title='bbox 359 4176 401 4230; x_wconf 75' lang='lat' dir='ltr'><strong>tue</strong></span> <span class='ocrx_word' id='word_1_315' title='bbox 414 4177 444 4229; x_wconf 82' lang='lat' dir='ltr'><strong>et</strong></span> <span class='ocrx_word' id='word_1_316' title='bbox 458 4166 524 4229; x_wconf 84' lang='lat' dir='ltr'><strong>Wei</strong></span> <span class='ocrx_word' id='word_1_317' title='bbox 537 4166 646 4245; x_wconf 86' lang='lat' dir='ltr'><strong>tuhong</strong></span> <span class='ocrx_word' id='word_1_318' title='bbox 658 4176 742 4227; x_wconf 73' lang='lat' dir='ltr'><strong>munt</strong></span> <span class='ocrx_word' id='word_1_319' title='bbox 754 4168 932 4246; x_wconf 82' lang='lat' dir='ltr'><strong>imperatoris</strong></span> <span class='ocrx_word' id='word_1_320' title='bbox 945 4167 1056 4242; x_wconf 63' lang='lat' dir='ltr'><strong>fuxum,</strong></span> <span class='ocrx_word' id='word_1_321' title='bbox 1066 4182 1103 4228; x_wconf 86' lang='lat' dir='ltr'><strong>ox</strong></span> <span class='ocrx_word' id='word_1_322' title='bbox 1114 4167 1172 4228; x_wconf 72' lang='lat' dir='ltr'><strong>ulit</strong></span> <span class='ocrx_word' id='word_1_323' title='bbox 1182 4175 1273 4229; x_wconf 82' lang='lat' dir='ltr'><strong>matre</strong></span> <span class='ocrx_word' id='word_1_324' title='bbox 1286 4168 1392 4247; x_wconf 78' lang='lat' dir='ltr'><strong>geniti3</strong></span> <span class='ocrx_word' id='word_1_325' title='bbox 1406 4170 1445 4232; x_wconf 82' lang='lat' dir='ltr'><strong>Pi</strong></span> 
     </span>
     <span class='ocr_line' id='line_1_32' title="bbox 172 4276 1224 4362; baseline -0.003 -20"><span class='ocrx_word' id='word_1_326' title='bbox 172 4276 234 4342; x_wconf 78' lang='lat' dir='ltr'><strong>ha</strong></span> <span class='ocrx_word' id='word_1_327' title='bbox 257 4292 289 4344; x_wconf 82' lang='lat' dir='ltr'><strong>ot</strong></span> <span class='ocrx_word' id='word_1_328' title='bbox 302 4282 343 4343; x_wconf 78' lang='lat' dir='ltr'><strong>lli</strong></span> <span class='ocrx_word' id='word_1_329' title='bbox 355 4290 399 4343; x_wconf 81' lang='lat' dir='ltr'><strong>ise</strong></span> <span class='ocrx_word' id='word_1_330' title='bbox 411 4290 494 4342; x_wconf 76' lang='lat' dir='ltr'><strong>orout</strong></span> <span class='ocrx_word' id='word_1_331' title='bbox 506 4281 567 4359; x_wconf 76' lang='lat' dir='ltr'><strong>ojus</strong></span> <span class='ocrx_word' id='word_1_332' title='bbox 581 4280 690 4359; x_wconf 82' lang='lat' dir='ltr'><strong>patrui3</strong></span> <span class='ocrx_word' id='word_1_333' title='bbox 707 4276 784 4341; x_wconf 83' lang='lat' dir='ltr'><strong>Kiao</strong></span> <span class='ocrx_word' id='word_1_334' title='bbox 798 4276 836 4341; x_wconf 81' lang='lat' dir='ltr'><strong>lto</strong></span> <span class='ocrx_word' id='word_1_335' title='bbox 848 4282 911 4362; x_wconf 80' lang='lat' dir='ltr'><strong>ejus</strong></span> <span class='ocrx_word' id='word_1_336' title='bbox 924 4281 1073 4360; x_wconf 71' lang='lat' dir='ltr'><strong>pumenius</strong></span> <span class='ocrx_word' id='word_1_337' title='bbox 1085 4280 1224 4343; x_wconf 81' lang='lat' dir='ltr'><strong>minister.</strong></span> 
     </span>
    </p>

    <p class='ocr_par' dir='ltr' id='par_1_6' title="bbox 212 4370 936 4469">
     <span class='ocr_line' id='line_1_33' title="bbox 212 4370 936 4469; baseline -0.004 -10"><span class='ocrx_word' id='word_1_338' title='bbox 212 4386 261 4467; x_wconf 75' lang='grc'><strong>(4)</strong></span> <span class='ocrx_word' id='word_1_339' title='bbox 281 4370 325 4454; x_wconf 49' lang='grc' dir='ltr'>ᾖ</span> <span class='ocrx_word' id='word_1_340' title='bbox 340 4371 396 4468; x_wconf 52' lang='lat' dir='ltr'><strong>ff,</strong></span> <span class='ocrx_word' id='word_1_341' title='bbox 409 4394 531 4456; x_wconf 80' lang='lat' dir='ltr'><strong>iurioam</strong></span> <span class='ocrx_word' id='word_1_342' title='bbox 543 4393 652 4469; x_wconf 76' lang='lat' dir='ltr'><strong>wdui,</strong></span> <span class='ocrx_word' id='word_1_343' title='bbox 668 4370 845 4460; x_wconf 57' lang='lat' dir='ltr'><strong>Remulo</strong></span> <span class='ocrx_word' id='word_1_344' title='bbox 860 4405 936 4457; x_wconf 84' lang='lat' dir='ltr'><strong>tono</strong></span> 
     </span>
    </p>

    <p class='ocr_par' dir='ltr' id='par_1_7' title="bbox 213 4481 489 4581">
     <span class='ocr_line' id='line_1_34' title="bbox 213 4481 489 4581; baseline -0.004 -11"><span class='ocrx_word' id='word_1_345' title='bbox 213 4501 264 4581; x_wconf 86' lang='lat'><strong>(5)</strong></span> <span class='ocrx_word' id='word_1_346' title='bbox 282 4488 324 4574; x_wconf 62' lang='lat' dir='ltr'>B</span> <span class='ocrx_word' id='word_1_347' title='bbox 339 4506 419 4570; x_wconf 68' lang='lat' dir='ltr'><strong>rdet</strong></span> <span class='ocrx_word' id='word_1_348' title='bbox 434 4481 489 4572; x_wconf 74' lang='lat' dir='ltr'><strong>lli.</strong></span> 
     </span>
    </p>

    <p class='ocr_par' dir='ltr' id='par_1_8' title="bbox 176 4613 1444 4828">
     <span class='ocr_line' id='line_1_35' title="bbox 214 4613 1444 4702; baseline 0.002 -19"><span class='ocrx_word' id='word_1_349' title='bbox 214 4613 259 4692; x_wconf 85' lang='lat' dir='ltr'><strong>(d)</strong></span> <span class='ocrx_word' id='word_1_350' title='bbox 281 4621 468 4684; x_wconf 83' lang='lat' dir='ltr'><strong>Territorium</strong></span> <span class='ocrx_word' id='word_1_351' title='bbox 488 4618 636 4702; x_wconf 74' lang='lat' dir='ltr'><strong>Imperiele</strong></span> <span class='ocrx_word' id='word_1_352' title='bbox 651 4642 711 4682; x_wconf 88' lang='lat' dir='ltr'><strong>non</strong></span> <span class='ocrx_word' id='word_1_353' title='bbox 730 4619 806 4683; x_wconf 80' lang='lat' dir='ltr'><strong>ultra</strong></span> <span class='ocrx_word' id='word_1_354' title='bbox 823 4619 901 4684; x_wconf 79' lang='lat' dir='ltr'><strong>mille</strong></span> <span class='ocrx_word' id='word_1_355' title='bbox 921 4618 1016 4684; x_wconf 70' lang='lat' dir='ltr'><strong>staffio</strong></span> <span class='ocrx_word' id='word_1_356' title='bbox 1036 4622 1259 4700; x_wconf 81' lang='lat' dir='ltr'><strong>extundebutor3</strong></span> <span class='ocrx_word' id='word_1_357' title='bbox 1277 4618 1347 4683; x_wconf 72' lang='lat' dir='ltr'><strong>olibi</strong></span> <span class='ocrx_word' id='word_1_358' title='bbox 1364 4622 1444 4686; x_wconf 79' lang='lat' dir='ltr'><strong>etnim</strong></span> 
     </span>
     <span class='ocr_line' id='line_1_36' title="bbox 176 4733 716 4828; baseline 0 -32"><span class='ocrx_word' id='word_1_359' title='bbox 176 4735 279 4815; x_wconf 84' lang='lat' dir='ltr'><strong>ubique</strong></span> <span class='ocrx_word' id='word_1_360' title='bbox 292 4745 373 4798; x_wconf 75' lang='lat' dir='ltr'><strong>mont</strong></span> <span class='ocrx_word' id='word_1_361' title='bbox 386 4733 476 4815; x_wconf 74' lang='lat' dir='ltr'><strong>regul</strong></span> <span class='ocrx_word' id='word_1_362' title='bbox 489 4734 640 4798; x_wconf 78' lang='lat' dir='ltr'><strong>uibutuni.</strong></span> <span class='ocrx_word' id='word_1_363' title='bbox 715 4825 716 4828; x_wconf 7' lang='grc' dir='ltr'><strong>Ἴ</strong></span> 
     </span>
    </p>
   </div>
   <div class='ocr_carea' id='block_1_5' title="bbox 0 0 1793 5664">
    <p class='ocr_par' dir='ltr' id='par_1_9' title="bbox 0 0 1793 5664">
     <span class='ocr_line' id='line_1_37' title="bbox 0 0 1793 5664; baseline 0 0"><span class='ocrx_word' id='word_1_364' title='bbox 0 0 1793 5664; x_wconf 95' lang='lat' dir='ltr'><strong> </strong></span> 
     </span>
    </p>
   </div>
  </div>
 </body>
</html>
