3574 5664
552 521 647 564 caros
666 518 950 571 duamur-rans
969 518 1058 560 aaron
1381 505 1438 563 263

174 634 288 718 fatiger,
310 634 340 698 id
356 649 429 698 vcro
445 639 541 713 potest
555 632 706 708 affirmari,
723 637 754 695 et
768 631 841 695 nihil
857 631 948 695 aliud.
971 631 1061 714 Koog
1087 631 1112 694 si
1125 631 1182 696 hoa
1197 632 1240 695 ait
1252 650 1259 694 :
1272 631 1438 707 enimuero,

173 749 202 811 id
216 748 331 812 scilicet
346 747 511 827 discipulus
525 761 583 810 non
600 752 698 825 potest
712 744 864 809 addiscere
879 746 934 824 (1).

230 862 281 925 st.
308 860 450 925 Goniucio
475 861 607 941 graviter
636 864 822 940 aegrotante,
850 858 908 922 Tse
932 858 982 921 lou
1008 858 1092 940 petiit
1116 858 1179 922 lieri
1203 859 1437 938 deprecationes.

174 973 332 1039 Conlucius
347 975 390 1037 ait
406 994 414 1037 :
432 974 466 1037 dt
479 989 518 1037 ue
532 973 609 1037 hoc?
624 973 682 1034 Tse
698 973 747 1035 lou
763 971 934 1050 respondit:
949 955 981 1033 dt
995 971 1114 1050 quidem
1129 973 1358 1054 :euchologium
1374 973 1437 1035 ait:
1563 1012 1566 1018 -

174 1102 331 1168 precamur
352 1103 408 1151 vos
421 1086 452 1150 in
468 1085 583 1165 superis
598 1091 628 1150 et
642 1085 753 1162 inieris,
774 1085 843 1150 coeli
859 1090 1013 1164 terraeque
1030 1085 1167 1165 Spiritus.
1197 1084 1356 1149 Gonlucius
1370 1085 1413 1148 ait
1429 1106 1437 1150 :

174 1215 230 1283 ego
244 1201 355 1265 K‘ieou
371 1201 514 1279 deprecor
527 1198 640 1278 jamdiu
655 1197 714 1277 (2).

230 1315 285 1378 35.
308 1314 508 1393 Philosophus
522 1312 564 1376 ait
576 1332 584 1375 :
597 1312 622 1377 si
638 1312 792 1394 prodigus,
811 1318 881 1377 ωηο
896 1326 955 1375 ηοη
971 1327 1004 1375 es
1019 1310 1185 1392 obsequens
1198 1332 1206 1377 z
1219 1312 1244 1375 si
1258 1328 1439 1392 praeparcus,

175 1433 246 1492 ωηο
261 1434 366 1503 tenax3
382 1426 482 1506 potius
497 1441 587 1506 quam
603 1441 663 1489 nou
678 1424 857 1505 obsequens,
874 1431 996 1506 prestat
1011 1441 1076 1489 esse
1091 1431 1191 1490 tenum

231 1541 285 1605 36.
308 1540 508 1619 Philosophus
523 1538 566 1602 ait
582 1558 589 1601 :
609 1538 732 1617 Sapiens
746 1538 793 1603 vir
808 1539 987 1619 tranquillus
1003 1538 1126 1602 dilatato
1142 1546 1188 1603 est
1202 1538 1310 1616 animo,
1336 1540 1441 1622 uulga-

175 1654 216 1718 ris
230 1657 322 1718 homo
337 1668 456 1732 semper
472 1652 610 1716 moerenti
625 1660 670 1715 est
686 1652 784 1717 cordc.

231 1769 283 1832 37.
308 1766 468 1832 coniuctus
487 1765 581 1832 comis
600 1781 668 1833 cum
689 1766 845 1851 gravitate,
871 1781 994 1833 severus
1015 1766 1080 1831 sine
1099 1766 1268 1846 asperitate,
1296 1766 1444 1833 odlciosus

175 1897 243 1947 cuns
259 1880 442 1947 maturitate.

595 2108 719 2185 Putes
746 2108 1024 2187 Possumus.

234 2339 263 2402 l.
288 2337 488 2417 Philosophus
503 2337 545 2402 ait
562 2358 569 2402 :
587 2338 656 2403 'P‘ai
671 2335 719 2419 pe,
740 2338 791 2403 ille
806 2343 905 2419 potest
923 2337 980 2403 dici
1000 2354 1124 2402 summae
1145 2337 1264 2433 virtutis
1279 2353 1360 2404 sane.
1384 2339 1443 2405 Ite·

178 2469 243 2515 rona
259 2452 428 2531 iterumque
443 2451 601 2531 imperium
615 2451 712 2529 cessit,
733 2459 764 2516 et
773 2452 882 2532 populo
893 2467 948 2517 nec
957 2452 1060 2516 datum
1070 2459 1104 2516 ut
1114 2452 1251 2516 laudibus
1266 2453 1442 2518 celebraret.

234 2565 265 2630 2.
288 2564 489 2644 Philosophus
509 2564 551 2628 ait
574 2584 581 2627 :
605 2564 751 2630 officiosus
771 2572 803 2629 at
821 2565 886 2630 sine
906 2566 1005 2642 modo,
1029 2572 1100 2630 tunc
1121 2567 1285 2641 molestus;
1312 2572 1446 2631 attemus

179 2678 241 2744 siue
255 2678 371 2760 regola,
388 2683 459 2742 tunc
469 2677 677 2754 meticulosus;
694 2684 834 2743 strenuus
844 2678 908 2743 sine
919 2679 1130 2756 moderatione,
1150 2686 1222 2744 tunc
1237 2679 1442 2758 perturbatum

180 2798 277 2857 rectus
299 2791 364 2856 sine
385 2791 571 2869 discretione,
599 2798 671 2856 tunc
691 2792 797 2857 annus
814 2812 822 2855 :
841 2793 959 2872 sapiens
984 2793 1122 2872 princeps
1146 2793 1298 2857 studiosus
1318 2793 1358 2857 sit
1371 2806 1445 2875 erga

179 2911 325 2987 parchus,
353 2910 425 2969 ωηο
443 2906 571 2985 populus
591 2911 730 2988 assurget
748 2905 784 2969 ad
804 2906 946 2970 uirtutem
963 2924 972 2969 ι
990 2905 1123 2969 veterani
1138 2913 1169 2970 et
1182 2906 1366 2986 antiquiores
1384 2922 1445 2969 nou

179 3018 381 3102 negligantur,
401 3024 474 3082 ωηο
488 3019 615 3098 populus
629 3032 689 3082 non
704 3018 897 3099 parvipendet
913 3015 968 3103 (3).

236 3134 268 3196 3.
290 3132 394 3213 Tseng
407 3137 453 3195 tse
468 3131 581 3195 hahens
596 3132 745 3209 morbum,
762 3131 880 3196 roceum
895 3132 1004 3197 scholae
1018 3131 1271 3213 discipulosetait
1288 3152 1296 3194 :
1314 3131 1445 3216 detegite

181 3260 261 3311 meos
274 3245 374 3326 pedes,
389 3250 420 3308 et
429 3243 558 3329 detegite
568 3260 650 3309 meas
661 3260 767 3309 munus
779 3240 834 3330 (4).
852 3245 978 3309 Carmen
991 3243 1045 3330 (Π.
1061 3242 1132 3331 41.)
1144 3245 1184 3310 ait
1202 3267 1210 3309 :
1229 3246 1274 3309 sis
1285 3245 1439 3327 pavidam,

1291 3509 1444 3519 ---—---

220 3703 264 3784 (1)
284 3711 393 3789 Aliqua
405 3711 454 3771 hic
466 3711 635 3772 recolenda:
651 3688 702 3785 ἓ,
717 3714 793 3789 qrtod
812 3713 909 3773 αοοίηοο
920 3716 963 3772 ad
974 3737 985 3773 .·
1000 3689 1043 3778 ff
1056 3712 1171 3792 copulat
1184 3714 1244 3773 sine
1266 3714 1445 3792 oppositione

181 3834 231 3886 aut
253 3823 390 3902 sequela:
408 3803 445 3882 Η)
462 3823 645 3885 conclusionis
668 3832 738 3885 notu
752 3847 760 3885 a
775 3799 817 3890 (Ψ
831 3826 971 3903 particula
995 3827 1195 3889 adremetiva:
1214 3805 1253 3887 Ζ
1269 3827 1390 3887 refertur
1407 3828 1446 3889 ad

182 3940 357 4018 sapientiam,
371 3954 420 3997 seu
435 3937 597 3997 sanctitatis
620 3937 853 4017 perfectionisque
875 3939 951 3998 sium
966 3961 973 3999 ε
989 3917 1031 3996 ᾗ
1048 3919 1088 3999 ffl
1101 3940 1190 4000 servit
1211 3940 1382 4019 exceptioni,
1396 3940 1451 3999 icoc

183 4061 288 4110 tantum
302 4076 312 4111 .-
333 4029 368 4112 Ε
383 4024 533 4112 &definit
546 4050 681 4121 absolute,
695 4061 721 4109 et
734 4051 806 4109 nihil
816 4054 900 4111 aliud
911 4077 922 4111 .-
937 4035 979 4113 Ε
990 4055 1112 4131 propria,
1125 4055 1166 4112 od
1176 4055 1314 4114 ammaim.

222 4155 264 4235 (2)
283 4165 332 4224 Me
344 4162 450 4224 scilicet
463 4161 592 4242 perfluere
606 4183 693 4224 conor
706 4163 744 4223 ed
756 4165 952 4243 propitiandos
974 4166 1098 4244 spiritns,
1111 4174 1141 4226 et
1154 4166 1319 4227 euitandam
1333 4166 1446 4245 peccati

182 4296 302 4356 poenam.

223 4384 265 4458 (3)
283 4373 326 4457 Β
338 4436 346 4466 ,
359 4393 437 4466 sitos,
451 4409 562 4465 norma,
575 4391 706 4466 civilitas,
719 4391 862 4464 honestes,
877 4391 1019 4454 decorum.

222 4496 265 4574 (4)
283 4505 396 4579 Videte,
416 4502 514 4566 illosae
526 4513 599 4567 mut.
624 4505 774 4583 Integrum
787 4525 855 4582 ergo
869 4524 969 4585 corpus
983 4506 1117 4567 exhibere
1129 4514 1228 4585 potero
1241 4505 1411 4585 perentibus,
1425 4527 1443 4566 a

185 4618 283 4693 quibus
295 4620 440 4698 integrum
455 4618 559 4696 accepi.
585 4617 668 4687 Quod
681 4636 746 4678 curn
759 4617 873 4678 difficile
886 4620 933 4694 sit,
955 4620 1070 4680 nonnisi
1082 4620 1114 4679 in
1128 4628 1218 4680 morte
1231 4640 1262 4680 ee
1276 4617 1445 4679 incolumem

185 4742 322 4793 senatum
335 4732 461 4813 potuerit
476 4729 626 4793 affirmare.

260 4865 284 4907 11
1327 4845 1366 4901 34
