3572 5650
299 480 336 538 12
791 495 889 538 noras
909 496 1060 538 rnasvrxs

283 611 345 681 'ille
359 621 442 680 docet
463 638 560 679 curam
584 619 628 679 ani
651 619 795 678 duntaxat
817 618 986 693 habendam,
1009 640 1046 679 ne
1069 619 1144 697 regis
1166 619 1281 696 quidem
1305 620 1416 679 ratione
1433 620 1555 700 habita3

297 733 345 794 hic
358 752 456 793 omnes
477 732 633 810 aequaliter
647 732 793 804 amandos,
813 731 891 791 nullo
905 752 942 792 ne
955 741 1106 810 parentum
1119 733 1234 810 quidem
1246 734 1412 793 discrimine.
1427 734 1488 795 Sub
1503 736 1555 798 23?

297 848 465 927 imperatore
488 843 565 924 Ling
578 819 639 919 fl,
664 865 740 904 aurno
754 849 822 918 551,
836 854 922 905 natus
934 848 965 905 in
980 846 1063 906 (lhan
1077 855 1149 925 teng
1163 847 1326 921 confusius,
1343 853 1453 925 epatre
1469 848 1555 907 Chen

297 960 384 1038 leang
399 959 438 1019 ho
454 935 496 1019 ἃ
512 934 555 1021 ᾖ
571 934 613 1022 4⁹2
627 960 769 1036 praefecto
784 960 899 1019 ditionis
914 958 1031 1018 Tcheou
1050 935 1097 1021 {i
1107 960 1169 1036 jam
1194 961 1421 1039 septuagenario,
1434 979 1556 1038 regnum

298 1073 362 1133 Lon
378 1094 397 1132 a
409 1075 447 1132 22
463 1072 545 1132 annis
557 1080 672 1131 tenente
692 1071 792 1149 regulo
806 1072 897 1150 Siang
909 1072 997 1149 kong.
1012 1073 1129 1132 Patrem
1143 1072 1261 1132 triennis
1275 1073 1379 1147 amisit,
1394 1082 1488 1133 mater
1499 1073 1557 1152 ipsi

297 1206 348 1266 per
362 1191 397 1247 21
413 1186 479 1245 dein
494 1205 584 1245 annos
598 1183 705 1244 adluit:
724 1185 857 1244 sexennis
869 1205 905 1245 ea
913 1185 975 1263 jam
989 1187 1166 1257 maturitate,
1176 1194 1367 1262 utnusquam
1380 1188 1456 1246 visus
1469 1187 1556 1247 fuerit

297 1319 364 1361 cum
385 1297 550 1375 aequalibus
569 1297 709 1358 inuitare:
730 1315 870 1357 annorum
892 1303 928 1358 15
950 1298 1111 1359 adolescens
1127 1303 1280 1377 priscorum
1300 1301 1395 1360 audio
1411 1319 1442 1360 se
1460 1301 1555 1361 dedit:

298 1415 423 1474 vicennis
436 1412 520 1472 duxit
536 1429 664 1485 uxorem,
678 1430 786 1489 exque
797 1414 918 1490 suscepit
931 1411 1018 1471 filiurn
1032 1412 1073 1472 Pe
1083 1432 1122 1490 yn
1138 1388 1177 1474 ῘΒ
1197 1388 1256 1485 ᾗ,
1270 1431 1327 1490 qno
1336 1414 1398 1492 jam
1417 1415 1557 1491 quinqua·

298 1528 415 1604 generis
438 1526 554 1585 orbatus
575 1533 627 1598 est,
648 1542 737 1584 uxore
752 1526 843 1585 tribua
857 1535 924 1584 aute
942 1528 1024 1586 annis
1038 1527 1142 1586 amissa
1157 1549 1164 1585 ε
1183 1523 1298 1603 reliquit
1313 1536 1410 1586 tamen
1422 1526 1493 1587 filius
1506 1528 1558 1605 qui

298 1642 416 1718 stirpem
430 1646 609 1716 propagaret,
625 1639 719 1697 avitae
732 1638 825 1698 landis
838 1639 996 1698 studiosum
1011 1639 1068 1698 'I'se
1082 1659 1112 1699 se
1128 1618 1167 1701 ’Τ
1189 1621 1229 1698 Ε·
1245 1639 1452 1713 ,immotabdis
1471 1641 1558 1701 medii

298 1753 484 1813 reductorem.
498 1752 701 1829 Magistratum
723 1751 877 1813 Confucins
891 1770 1003 1812 summa
1018 1751 1102 1812 lande
1115 1752 1219 1830 pluries
1236 1755 1324 1830 gessit
1338 1774 1345 1812 ε
1359 1772 1479 1831 regnum
1494 1752 1559 1813 Ion

299 1866 436 1926 trimestri
448 1866 541 1943 spatio
553 1866 596 1924 ita
608 1844 782 1938 reformavit,
794 1873 826 1924 ut
838 1865 988 1925 finitimum
1001 1883 1121 1943 regnum
1134 1852 1203 1938 ubi,
1215 1874 1293 1926 metu
1303 1875 1428 1944 captum,
1443 1867 1519 1926 dona
1529 1875 1560 1927 et

299 1978 408 2058 puellus
422 1978 533 2039 aemulo
543 1997 595 2038 sno
608 1977 645 2037 ad
655 1978 772 2038 insidias
781 1979 927 2038 struendas
937 1978 1060 2039 miserit:
1074 1976 1189 2056 regulus
1200 1978 1262 2038 Lon
1276 1978 1342 2057 dolo
1352 1982 1470 2058 capitur,
1481 1980 1561 2058 puel·

299 2091 343 2153 las
356 2093 483 2152 admittit
496 2100 525 2152 et
538 2092 687 2152 seducitur.
703 2092 858 2151 Conlncine
871 2094 1018 2152 renuntiat
1031 2093 1151 2164 muneri,
1165 2091 1300 2168 relinquit
1312 2091 1417 2165 aulam
1432 2094 1504 2171 petit
1516 2113 1561 2153 re·

299 2226 360 2284 gna
371 2192 440 2278 Ts‘i,
453 2205 518 2265 Wei
527 2214 558 2265 et
568 2192 695 2281 T‘chon3
709 2224 768 2264 non
778 2204 916 2265 admimus
931 2205 1078 2266 contendit
1088 2206 1126 2265 ad
1134 2223 1255 2283 regnum
1270 2193 1380 2265 T‘chen
1393 2181 1433 2269 U
1445 2249 1453 2278 ‚
1463 2206 1513 2265 nbi
1523 2206 1563 2265 ad

300 2329 458 2379 extremam
473 2320 562 2378 victus
578 2320 726 2397 penuriam
739 2318 896 2394 redigitur3
910 2327 1043 2397 peragrat
1057 2339 1174 2396 regnum
1187 2319 1275 2396 Song‚
1286 2319 1336 2378 ubi
1355 2320 1562 2397 apraepotenti

301 2432 390 2493 Hoan
400 2434 458 2492 toei
467 2412 510 2495 ᾗ
520 2403 567 2493 ffi
581 2431 618 2490 ad
634 2439 756 2490 mortem
769 2433 944 2508 conquisitus
958 2433 1022 2491 fnit.
1038 2430 1178 2492 Reversus
1186 2433 1301 2492 demum
1310 2432 1342 2490 in
1357 2450 1477 2510 regnum
1488 2430 1562 2507 Lon,

300 2543 379 2605 libris
386 2544 561 2622 expoliendis
571 2563 731 2621 supremam
740 2561 858 2603 manum
868 2544 1011 2622 imposuit,
1019 2563 1124 2622 suraque
1132 2543 1213 2605 Veris
1224 2546 1419 2622 Autumnique
1429 2544 1564 2604 chronica

302 2658 433 2732 absolvit,
447 2658 526 2734 queis
541 2657 618 2718 bella
630 2657 705 2717 inter
717 2657 829 2735 regulos
846 2677 896 2738 per
920 2661 979 2718 200
998 2678 1087 2718 annos
1100 2658 1232 2718 describit
1246 2659 1284 2719 ab
1302 2677 1377 2717 anno
1392 2658 1449 2719 677
1466 2658 1503 2716 ad
1513 2678 1565 2716 an·

301 2790 371 2831 num
381 2771 449 2831 477.
463 2770 556 2841 (Vide
569 2769 697 2832 tabulam
708 2773 757 2832 3⁸⁰¹
767 2761 787 2837 ).
800 2770 884 2830 Tunc
896 2771 1037 2832 unicornis
1046 2772 1162 2849 inregio
1171 2771 1247 2832 saltn
1261 2779 1395 2850 apparet:
1409 2771 1564 2831 Conlucius

301 2883 380 2944 dolet
390 2892 551 2962 temporum
561 2884 811 2962 perturbationem,
823 2893 853 2944 et
862 2893 927 2961 post
935 2886 1080 2945 biennium
1090 2885 1221 2962 migrate
1231 2886 1301 2957 vite,
1314 2904 1389 2944 anno
1401 2885 1505 2944 aetatis
1514 2885 1563 2957 73,

302 2999 432 3075 vigesimi
445 3000 539 3075 quun
551 2999 729 3077 imperatoria
738 2998 820 3075 xrng
830 2978 871 3061 :dc
884 2999 1099 3077 quadragesimo
1108 2998 1207 3075 primo,
1217 2997 1395 3076 reguliugai
1405 2978 1447 3063 E
1456 2998 1564 3058 denno

303 3120 394 3184 sexto,
406 3119 474 3171 ante
489 3111 635 3171 Christum
645 3111 714 3184 479,
724 3120 791 3171 ante
802 3112 928 3171 Socratis
938 3113 1120 3173 nativitatem
1130 3131 1216 3171 nono.
1226 3110 1334 3171 Fuerat
1343 3131 1458 3190 procero
1467 3130 1564 3189 corpo-

302 3244 342 3297 re,
352 3223 414 3283 lata
430 3225 511 3297 secie,
525 3224 748 3303 praegrandibus
761 3223 858 3297 oculis,
873 3225 945 3284 nmo
962 3245 1041 3300 naso,
1053 3223 1186 3285 subfusco
1199 3224 1300 3299 colore,
1314 3226 1454 3303 promissa
1465 3224 1564 3299 barba,

303 3339 385 3415 gravi
401 3357 486 3397 voce:
507 3338 538 3396 in
559 3339 662 3399 vertioe
681 3338 782 3415 capitis
798 3337 1030 3415 grandiusculum
1047 3340 1073 3398 ei
1089 3338 1173 3396 tuber
1189 3346 1261 3410 erat,
1273 3338 1400 3415 adeoque
1410 3337 1565 3397 domestico

303 3450 420 3509 nomine
435 3452 529 3510 Kieon
547 3426 590 3516 fi:
607 3470 656 3512 seu
673 3449 844 3511 colliculusa
860 3459 941 3529 patre
956 3452 1122 3531 appellatus.
1137 3450 1191 3511 Vir
1209 3452 1298 3512 mbae
1312 3451 1473 3529 gravitatis,
1492 3450 1565 3523 fidei,

306 3564 476 3640 aequitatis:
491 3583 604 3624 severus
616 3566 661 3625 sui
670 3563 844 3637 observator,
853 3571 1008 3642 tantaeque
1021 3565 1180 3637 charitatis,
1194 3572 1227 3623 ut
1237 3565 1335 3625 audito
1344 3563 1430 3624 fnisse
1444 3561 1566 3623 militem

304 3696 420 3755 eregno
435 3664 505 3749 T‘si,
514 3677 564 3754 qui
573 3679 646 3738 scuti
655 3678 798 3756 jacturam
807 3696 845 3737 ex
854 3698 888 3736 eo
897 3676 1022 3739 leniebat
1031 3680 1108 3757 qnod
1123 3676 1195 3737 alter
1208 3677 1334 3754 ejusdem
1347 3679 1429 3754 regni
1448 3678 1565 3736 commi·

305 3790 358 3850 lito
366 3793 525 3862 invenerat,
535 3791 575 3850 sic
584 3791 644 3868 ipse
656 3788 879 3852 exclamaverit:
893 3790 985 3851 multo
995 3791 1095 3852 melius
1108 3791 1244 3852 dixisset:
1257 3791 1344 3851 homo
1354 3799 1466 3851 scutum
1473 3790 1567 3868 perdi-

305 3903 345 3976 di,
360 3905 410 3963 sed
422 3912 452 3965 et
467 3902 555 3963 homo
568 3905 711 3982 perditum
728 3904 859 3964 obtinuit.
878 3905 1038 3982 Discipulos
1051 3905 1213 3966 numeravit
1226 3907 1316 3978 3000,
1334 3922 1373 3963 ex
1390 3903 1492 3982 qmbus
1506 3906 1567 3963 500

305 4018 392 4078 variis
407 4018 438 4075 in
453 4018 548 4095 regnis
564 4018 765 4095 magistratum
778 4018 897 4096 gemisse
914 4018 1046 4078 dicuntur
1059 4041 1068 4079 ε
1083 4021 1158 4078 inter
1172 4037 1221 4077 eos
1234 4018 1272 4079 72
1288 4016 1456 4089 selectiores,
1471 4029 1501 4075 et
1513 4015 1567 4077 hos

305 4131 381 4189 inter
395 4130 493 4190 decem
505 4130 709 4191 selectissimos.
725 4130 854 4200 Quatnor
871 4151 972 4211 nempe
981 4132 1087 4192 virtuts
1102 4132 1295 4211 praestabant,
1308 4131 1371 4189 Min
1386 4140 1429 4190 tae
1438 4129 1506 4188 kien
1524 4101 1566 4190 Ε

310 4221 351 4305 3⁶
360 4218 404 4307 ἦ
419 4255 591 4321 agnomento
601 4244 680 4304 Suen
691 4216 741 4315 ffl,
751 4244 812 4304 dan
821 4246 858 4323 pe'
868 4245 953 4303 nieon
964 4223 1001 4307 p
1018 4217 1057 4303 ifl
1070 4226 1112 4310 ᾧ
1131 4265 1198 4322 agn.
1210 4245 1298 4322 Keng
1308 4219 1366 4317 ff,
1379 4244 1402 4305 J
1403 4263 1442 4302 an
1458 4240 1569 4319 tobong

306 4354 387 4434 lxong
403 4335 445 4419 li}
455 4332 494 4422 iss
510 4336 546 4418 ἒ
562 4378 628 4435 agn.
640 4333 788 4437 Yongffi,
804 4366 834 4416 et
847 4376 915 4436 prae
928 4358 1060 4418 omuibus
1076 4356 1179 4417 charus
1191 4357 1257 4417 Yen
1266 4366 1310 4418 tse
1323 4377 1400 4435 ynen
1414 4335 1458 4423 ἦ
1472 4327 1565 4418 W

308 4489 373 4546 agn.
383 4469 460 4529 Huni
478 4451 529 4544 fii,
539 4491 625 4549 quem
637 4481 816 4550 praereptum
831 4471 1010 4531 continenter
1022 4468 1146 4548 lugebat.
1159 4472 1204 4530 De
1220 4472 1311 4550 primu
1327 4490 1396 4531 sane
1411 4469 1503 4530 adhuc
1515 4487 1568 4546 pn·

307 4602 356 4642 ero
365 4603 452 4643 suave
461 4593 594 4644 narratur
603 4584 695 4643 bonae
709 4582 810 4644 indolis
819 4585 960 4661 specimen
971 4607 981 4649 ε
994 4585 1065 4644 dnos
1077 4580 1148 4644 filios
1161 4583 1284 4645 suffultis
1297 4586 1430 4662 gossypio
1444 4581 1568 4642 vestibus

308 4698 460 4770 munierat,
481 4697 610 4775 neglecto
632 4698 770 4778 privigno,
793 4717 917 4760 noverea
930 4722 939 4759 ε
952 4699 1029 4758 bunc
1049 4698 1148 4758 cidens
1167 4706 1249 4777 pater
1261 4698 1365 4776 frigore
1379 4698 1567 4773 strigosum,
