3572 5650
619 821 736 880 NOTA
763 809 798 878 6?
825 818 967 881 FORMA
1001 817 1328 881 AGRICULTURAE.

870 1037 1083 1075 -ιιυζοςμ

382 1230 441 1290 Sex
452 1229 537 1308 pedes
547 1227 758 1296 constituebant
768 1247 892 1306 passum
902 1235 1017 1287 centum
1027 1245 1125 1304 passus
1135 1246 1201 1286 varo
1211 1227 1336 1286 modium
1347 1243 1395 1284 seu
1406 1227 1542 1304 jugerum
1553 1217 1607 1294 (1).

341 1343 482 1421 Jugerum
497 1335 602 1410 (meou
617 1314 671 1401 ‘bl
683 1329 695 1404 )
708 1340 838 1400 solebant
851 1350 908 1400 tres
922 1340 1005 1400 elices
1018 1328 1129 1408 (k‘iuen
1146 1312 1214 1407 (fill)
1227 1341 1401 1409 intercidere,
1419 1350 1449 1400 et
1461 1339 1609 1417 porculeta

340 1451 403 1523 (lin
431 1431 477 1519 b}
487 1450 508 1530 )‚
521 1475 585 1532 quse
600 1454 674 1512 iuter
689 1452 772 1513 elices
789 1455 935 1532 jacebant,
955 1455 1077 1513 sementi
1098 1453 1344 1514 foeoundabantur.
1370 1452 1418 1512 Ex
1432 1463 1508 1513 terra
1520 1473 1607 1529 quam

341 1568 425 1628 elices
439 1576 624 1640 excavarent,
643 1566 751 1627 flebant
764 1567 863 1627 tumuli
876 1559 961 1645 (long
975 1541 1051 1639 (iffi),
1068 1568 1118 1643 qui
1130 1573 1235 1644 praesto
1248 1576 1330 1626 erant
1345 1568 1381 1626 ad
1394 1566 1509 1647 plautas
1523 1587 1611 1644 agge·

341 1683 446 1743 rendae
460 1679 516 1753 (tae
531 1654 608 1748 Ἣ)

384 1795 508 1856 Centum
526 1797 631 1874 jugera
651 1795 704 1854 sub
726 1794 850 1865 Tchcou,
870 1796 914 1855 vel
936 1795 1119 1871 septuaginta
1132 1793 1186 1854 sub
1204 1793 1273 1867 Hie,
1295 1794 1545 1855 committebantur
1557 1795 1609 1853 uui

342 1907 453 1982 colono,
468 1919 497 1968 et
511 1927 612 1967 novem
627 1907 787 1986 hujusmodi
800 1907 917 1967 coloniae
936 1883 1013 1980 (ἦ),
1035 1907 1248 1967 constituebant
1260 1928 1348 1967 unum
1362 1908 1500 1983 quadrum
1513 1907 1611 1968 tessel-

342 2021 432 2081 latum
445 2042 493 2081 scu
509 2020 650 2081 alveolum
671 1998 750 2093 (dl),
771 2022 848 2099 cujus
869 2029 935 2080 octo
948 2019 1068 2081 tessellae
1080 2021 1200 2080 totidem
1214 2020 1322 2081 colonis
1336 2020 1565 2099 assignabantur,
1579 2028 1610 2081 et

342 2136 438 2195 media
452 2114 515 2206 (dl
533 2114 592 2199 ffl)
605 2134 748 2194 communi
761 2134 799 2194 ab
812 2136 879 2212 ipsis
891 2133 988 2194 labore
1001 2154 1053 2212 pro
1065 2134 1198 2194 solvendo
1204 2133 1347 2194 colonario
1356 2133 1546 2196 excolebatur.
1562 2134 1610 2196 Sic

342 2268 417 2308 unus
435 2247 560 2309 alveolus
574 2255 715 2306 ueoenms
724 2267 823 2326 passus
836 2266 885 2308 seu
901 2266 988 2306 unum
1002 2248 1125 2307 stadum
1140 2247 1260 2308 sinioum
1272 2244 1284 2319 l
1294 2228 1357 2315 Ξ)
1370 2247 1610 2326 complectebatur

343 2363 374 2421 in
394 2361 558 2439 quadrum3
573 2369 687 2420 centum
710 2360 821 2434 alveoli,
843 2381 890 2420 seu
910 2361 1009 2421 decem
1029 2362 1060 2420 in
1081 2359 1222 2437 quadrum
1243 2361 1346 2437 stadia,
1366 2381 1504 2439 magnum
1522 2381 1608 2421 imum

344 2475 504 2535 efficiebant
518 2482 615 2534 actum
629 2468 691 2543 (···
709 2449 769 2536 bb)
783 2498 792 2550 3
806 2484 836 2534 et
849 2483 964 2534 centum
978 2484 1059 2535 aetus
1072 2494 1206 2551 magnam
1225 2475 1438 2535 constituebant
1450 2476 1610 2534 centuriam

343 2586 406 2657 (···
426 2568 494 2660 lffl),
508 2607 573 2665 quae
592 2596 707 2645 centum
721 2588 750 2646 iu
767 2589 906 2664 quadmm
927 2594 1060 2665 protensa
1080 2587 1188 2661 stadiis,
1209 2587 1424 2648 universitatem
1444 2588 1610 2647 continebat

344 2721 478 2780 agrorum
502 2703 577 2761 inter
600 2700 670 2759 duos
693 2700 793 2762 ssitvios
816 2702 1000 2780 interjectam.
1030 2701 1103 2761 Mire
1124 2702 1200 2760 enim
1222 2700 1399 2762 haecomnia
1422 2702 1611 2762 canaliculata

346 2825 514 2875 assenrntur.

384 2929 490 2989 Vomer
504 2903 589 2995 (ffi)
608 2935 671 2986 erat
691 2930 817 3006 quinque
836 2927 950 3006 pollices
970 2927 1061 2988 latum
1074 2951 1083 3005 3
1097 2928 1166 2986 bina
1179 2920 1243 2996 (““
1257 2905 1320 2993 ᾗ)
1343 2928 1450 2989 solemn
1467 2927 1612 2987 faciebant

345 3042 417 3123 pede
437 3040 529 3102 latum
542 3051 571 3100 et
583 3041 655 3119 pede
676 3042 847 3120 profundum
860 3020 951 3114 (bb),
965 3049 995 3102 et
1008 3053 1065 3102 tres
1077 3040 1234 3117 hujusmodi
1255 3040 1339 3101 elices
1354 3043 1486 3121 jugerum
1498 3042 1613 3100 interci-

345 3155 453 3217 debant
466 3178 474 3215 :
487 3154 641 3215 transversi
661 3157 744 3216 elices
764 3157 795 3215 in
815 3164 895 3216 recta
914 3155 1059 3215 emissaria
1079 3157 1134 3212 soei
1150 3129 1386 3228 ib'tnfluebant
1407 3174 1471 3231 quea
1493 3155 1613 3231 singulis

345 3268 462 3328 alveolis
482 3267 658 3340 adiacebant,
682 3290 769 3346 eaque
784 3270 812 3327 in
827 3281 1000 3329 transversos
1023 3268 1134 3345 euripos
1149 3271 1216 3326 kaeu
1231 3239 1305 3342 effi,
1319 3271 1369 3346 qui
1382 3278 1478 3328 actum
1500 3268 1614 3327 interci·
1671 3278 1678 3288 '

345 3383 454 3442 debant
467 3406 474 3441 ε
489 3382 578 3459 euripi
595 3380 623 3436 in
645 3393 736 3441 rectos
757 3381 929 3442 canaliculos
942 3385 985 3440 aiu
999 3360 1055 3441 ld>
1070 3382 1256 3459 estimpebaut
1271 3383 1390 3459 singulis
1404 3383 1514 3441 actibus
1535 3381 1614 3440 adia·

345 3505 449 3565 centes
461 3504 490 3554 et
500 3497 520 3553 ii
530 3497 558 3553 in
570 3502 744 3555 transversos
754 3494 868 3555 canales
880 3497 940 3552 leci
949 3475 1007 3556 lb)
1020 3496 1176 3555 centuriam
1188 3494 1394 3568 intercidentes,
1405 3496 1455 3572 qui
1470 3496 1613 3555 ediscenti

345 3609 458 3667 flumini
471 3598 578 3667 t‘eliocn
591 3584 643 3669 ‹lll
662 3610 861 3668 miscebantur.
882 3607 930 3667 Sic
939 3627 1115 3685 unaquaeque
1127 3610 1257 3667 centuria
1267 3609 1432 3669 continebat
1443 3612 1522 3669 9000
1530 3609 1615 3668 emis

345 3722 421 3782 serm
430 3721 512 3781 binos
522 3721 606 3797 pedes
615 3721 676 3780 leta
685 3734 714 3781 ct
723 3720 873 3799 profunda,
885 3724 943 3779 000
953 3723 1060 3800 evripos
1076 3734 1197 3799 quatuor
1210 3723 1295 3800 pedes
1307 3721 1382 3782 latos
1392 3722 1613 3801 profundasque,

347 3838 388 3894 00
402 3833 572 3893 canaliculos
587 3843 651 3893 octo
664 3836 748 3912 pedes
761 3833 835 3893 latos
844 3844 874 3892 et
886 3833 1046 3911 profundos,
1061 3844 1090 3894 et
1100 3837 1118 3893 0
1128 3833 1243 3894 canales
1256 3837 1397 3896 sexdecim
1411 3835 1526 3913 pedibus
1538 3833 1615 3894 latos

346 3946 565 4026 profundosque.
582 3946 712 4007 liuentis
724 3948 836 4017 semita,
850 3947 959 4005 flumini
970 3949 1015 4007 via
1024 3949 1238 4027 adjungebatur.
1259 3949 1333 4036 Vide
1347 3948 1476 4008 tabulam
1490 3955 1613 4007 sextam.

388 4058 437 4118 Ex
447 4060 604 4138 jugeribus,
626 4063 728 4137 quibus
749 4061 845 4120 media
866 4060 979 4120 tessella
999 4081 1047 4121 seu
1062 4063 1220 4122 communis
1240 4082 1308 4140 ager
1320 4062 1479 4134 temtabat,
1494 4060 1614 4121 Tcheou

347 4172 461 4250 viginti,
482 4173 545 4232 Hia
564 4175 778 4251 quatuordecim
798 4173 902 4251 jugera
922 4174 1056 4234 colonicis
1075 4175 1241 4235 extruendis
1252 4175 1415 4235 destinabat
1429 4199 1438 4235 ε
1451 4174 1616 4252 hujusmodi

388 4515 434 4593 (ll
456 4527 595 4603 «laquem
616 4529 718 4589 scilicet
738 4530 854 4599 suem,
877 4527 952 4604 quod
973 4546 1070 4585 reem
1091 4527 1139 4584 vair
1161 4525 1309 4583 dime‘clsiem
1331 4538 1423 4586 edem
1446 4529 1617 4607 praeratum

348 4638 507 4716 attingebat.
526 4641 566 4702 Aa
580 4638 631 4714 etc,
647 4653 678 4701 et
690 4644 720 4701 iu
734 4641 892 4716 bejusmodi
903 4641 976 4712 aliis,
991 4639 1166 4700 excutedum
1178 4648 1218 4699 est
1231 4642 1417 4701 maeatae.
