<?xml version="1.0" encoding="UTF-8"?>
<!DOCTYPE html PUBLIC "-//W3C//DTD XHTML 1.0 Transitional//EN"
    "http://www.w3.org/TR/xhtml1/DTD/xhtml1-transitional.dtd">
<html xmlns="http://www.w3.org/1999/xhtml" xml:lang="en" lang="en">
 <head>
  <title>
</title>
<meta http-equiv="Content-Type" content="text/html;charset=utf-8" />
  <meta name='ocr-system' content='tesseract 3.04.00' />
  <meta name='ocr-capabilities' content='ocr_page ocr_carea ocr_par ocr_line ocrx_word'/>
</head>
<body>
  <div class='ocr_page' id='page_1' title='image "./cursuslitteratu00zottgoog_0539.png"; bbox 0 0 3524 5652; ppageno 0'>
   <div class='ocr_carea' id='block_1_1' title="bbox 527 468 1420 526">
    <p class='ocr_par' dir='ltr' id='par_1_1' title="bbox 527 468 1420 526">
     <span class='ocr_line' id='line_1_1' title="bbox 527 468 1420 526; baseline 0.006 -5"><span class='ocrx_word' id='word_1_1' title='bbox 527 477 626 521; x_wconf 71' lang='lat' dir='ltr'>onon</span> <span class='ocrx_word' id='word_1_2' title='bbox 645 477 777 522; x_wconf 73' lang='lat' dir='ltr'>marom</span> <span class='ocrx_word' id='word_1_3' title='bbox 789 492 830 506; x_wconf 94' lang='lat'><em>-</em></span> <span class='ocrx_word' id='word_1_4' title='bbox 843 474 917 521; x_wconf 72' lang='lat' dir='ltr'>rano</span> <span class='ocrx_word' id='word_1_5' title='bbox 937 478 1027 522; x_wconf 77' lang='lat' dir='ltr'>reson</span> <span class='ocrx_word' id='word_1_6' title='bbox 1354 468 1420 526; x_wconf 72' lang='grc'>469</span> 
     </span>
    </p>
   </div>
   <div class='ocr_carea' id='block_1_2' title="bbox 144 586 1419 1805">
    <p class='ocr_par' dir='ltr' id='par_1_2' title="bbox 144 586 1419 1805">
     <span class='ocr_line' id='line_1_2' title="bbox 202 586 1415 672; baseline 0 -16"><span class='ocrx_word' id='word_1_7' title='bbox 202 590 231 656; x_wconf 86' lang='grc'>5.</span> <span class='ocrx_word' id='word_1_8' title='bbox 256 591 281 653; x_wconf 86' lang='lat' dir='ltr'><strong>E</strong></span> <span class='ocrx_word' id='word_1_9' title='bbox 295 597 377 656; x_wconf 83' lang='lat' dir='ltr'>secta</span> <span class='ocrx_word' id='word_1_10' title='bbox 392 586 439 655; x_wconf 76' lang='lat' dir='ltr'>lte</span> <span class='ocrx_word' id='word_1_11' title='bbox 455 586 464 670; x_wconf 71' lang='lat' dir='ltr'>l</span> <span class='ocrx_word' id='word_1_12' title='bbox 487 586 498 672; x_wconf 88' lang='grc'>)</span> <span class='ocrx_word' id='word_1_13' title='bbox 513 589 632 669; x_wconf 86' lang='lat' dir='ltr'>quidam</span> <span class='ocrx_word' id='word_1_14' title='bbox 647 589 661 654; x_wconf 92' lang='lat'><em>1</em></span> <span class='ocrx_word' id='word_1_15' title='bbox 676 591 754 666; x_wconf 91' lang='lat' dir='ltr'>tclre,</span> <span class='ocrx_word' id='word_1_16' title='bbox 771 605 825 671; x_wconf 89' lang='lat' dir='ltr'>per</span> <span class='ocrx_word' id='word_1_17' title='bbox 839 590 957 655; x_wconf 76' lang='lat' dir='ltr'>Mentsii</span> <span class='ocrx_word' id='word_1_18' title='bbox 972 590 1151 671; x_wconf 91' lang='lat' dir='ltr'>discipulum</span> <span class='ocrx_word' id='word_1_19' title='bbox 1167 591 1218 656; x_wconf 88' lang='lat' dir='ltr'>Sin</span> <span class='ocrx_word' id='word_1_20' title='bbox 1235 593 1264 672; x_wconf 94' lang='lat' dir='ltr'>pi</span> <span class='ocrx_word' id='word_1_21' title='bbox 1279 593 1415 672; x_wconf 80' lang='lat' dir='ltr'>quaesivit</span> 
     </span>
     <span class='ocr_line' id='line_1_3' title="bbox 144 702 1415 788; baseline 0.002 -19"><span class='ocrx_word' id='word_1_22' title='bbox 144 705 274 769; x_wconf 87' lang='lat' dir='ltr'>invisere</span> <span class='ocrx_word' id='word_1_23' title='bbox 299 703 470 769; x_wconf 86' lang='lat' dir='ltr'>ldeutsinm.</span> <span class='ocrx_word' id='word_1_24' title='bbox 502 702 647 766; x_wconf 82' lang='lat' dir='ltr'>identsius</span> <span class='ocrx_word' id='word_1_25' title='bbox 667 703 710 766; x_wconf 82' lang='lat' dir='ltr'>ait</span> <span class='ocrx_word' id='word_1_26' title='bbox 731 723 739 766; x_wconf 88' lang='lat'>:</span> <span class='ocrx_word' id='word_1_27' title='bbox 762 718 820 784; x_wconf 70' lang='lat' dir='ltr'>ego</span> <span class='ocrx_word' id='word_1_28' title='bbox 843 711 925 768; x_wconf 89' lang='lat' dir='ltr'>certe</span> <span class='ocrx_word' id='word_1_29' title='bbox 949 704 1035 783; x_wconf 91' lang='lat' dir='ltr'>cupio</span> <span class='ocrx_word' id='word_1_30' title='bbox 1058 705 1177 781; x_wconf 89' lang='lat' dir='ltr'>videre;</span> <span class='ocrx_word' id='word_1_31' title='bbox 1204 711 1235 769; x_wconf 84' lang='lat' dir='ltr'>et</span> <span class='ocrx_word' id='word_1_32' title='bbox 1256 723 1336 770; x_wconf 89' lang='lat' dir='ltr'>nunc</span> <span class='ocrx_word' id='word_1_33' title='bbox 1356 722 1415 788; x_wconf 80' lang='lat' dir='ltr'>ego</span> 
     </span>
     <span class='ocr_line' id='line_1_4' title="bbox 144 816 1415 901; baseline 0.001 -18"><span class='ocrx_word' id='word_1_34' title='bbox 144 818 242 883; x_wconf 83' lang='lat' dir='ltr'>adhuc</span> <span class='ocrx_word' id='word_1_35' title='bbox 265 825 398 901; x_wconf 81' lang='lat' dir='ltr'>aegroto3</span> <span class='ocrx_word' id='word_1_36' title='bbox 424 816 528 881; x_wconf 84' lang='lat' dir='ltr'>morbo</span> <span class='ocrx_word' id='word_1_37' title='bbox 553 816 791 891; x_wconf 77' lang='lat' dir='ltr'>convalescente,</span> <span class='ocrx_word' id='word_1_38' title='bbox 809 832 867 898; x_wconf 81' lang='lat' dir='ltr'>ego</span> <span class='ocrx_word' id='word_1_39' title='bbox 883 816 943 882; x_wconf 92' lang='lat' dir='ltr'>imo</span> <span class='ocrx_word' id='word_1_40' title='bbox 958 817 1006 881; x_wconf 89' lang='lat' dir='ltr'>ibo</span> <span class='ocrx_word' id='word_1_41' title='bbox 1021 817 1151 881; x_wconf 89' lang='lat' dir='ltr'>invisum</span> <span class='ocrx_word' id='word_1_42' title='bbox 1169 839 1176 881; x_wconf 93' lang='lat'>:</span> <span class='ocrx_word' id='word_1_43' title='bbox 1194 817 1333 883; x_wconf 90' lang='lat' dir='ltr'>dominns</span> <span class='ocrx_word' id='word_1_44' title='bbox 1347 820 1362 884; x_wconf 95' lang='lat' dir='ltr'>l</span> <span class='ocrx_word' id='word_1_45' title='bbox 1377 835 1415 885; x_wconf 91' lang='lat' dir='ltr'>ne</span> 
     </span>
     <span class='ocr_line' id='line_1_5' title="bbox 144 928 1413 1016; baseline 0.002 -23"><span class='ocrx_word' id='word_1_46' title='bbox 144 933 244 996; x_wconf 88' lang='lat' dir='ltr'>veniat</span> <span class='ocrx_word' id='word_1_47' title='bbox 272 928 329 1016; x_wconf 75' lang='grc'>(2).</span> <span class='ocrx_word' id='word_1_48' title='bbox 361 929 426 994; x_wconf 81' lang='lat' dir='ltr'>Alia</span> <span class='ocrx_word' id='word_1_49' title='bbox 448 930 494 994; x_wconf 89' lang='lat' dir='ltr'>die</span> <span class='ocrx_word' id='word_1_50' title='bbox 517 930 625 994; x_wconf 88' lang='lat' dir='ltr'>iterum</span> <span class='ocrx_word' id='word_1_51' title='bbox 651 929 798 1009; x_wconf 89' lang='lat' dir='ltr'>quaesivit</span> <span class='ocrx_word' id='word_1_52' title='bbox 822 929 950 995; x_wconf 87' lang='lat' dir='ltr'>invisere</span> <span class='ocrx_word' id='word_1_53' title='bbox 974 931 1152 1009; x_wconf 79' lang='lat' dir='ltr'>lientsium3</span> <span class='ocrx_word' id='word_1_54' title='bbox 1180 932 1324 996; x_wconf 74' lang='lat' dir='ltr'>Mennius</span> <span class='ocrx_word' id='word_1_55' title='bbox 1345 933 1413 996; x_wconf 88' lang='lat' dir='ltr'>ait:</span> 
     </span>
     <span class='ocr_line' id='line_1_6' title="bbox 145 1040 1416 1128; baseline 0 -19"><span class='ocrx_word' id='word_1_56' title='bbox 145 1060 202 1128; x_wconf 75' lang='lat' dir='ltr'>ego</span> <span class='ocrx_word' id='word_1_57' title='bbox 216 1060 300 1110; x_wconf 90' lang='lat' dir='ltr'>nunc</span> <span class='ocrx_word' id='word_1_58' title='bbox 311 1045 374 1125; x_wconf 83' lang='lat' dir='ltr'>jam</span> <span class='ocrx_word' id='word_1_59' title='bbox 390 1058 512 1123; x_wconf 90' lang='lat' dir='ltr'>possum</span> <span class='ocrx_word' id='word_1_60' title='bbox 534 1043 645 1107; x_wconf 86' lang='lat' dir='ltr'>videre.</span> <span class='ocrx_word' id='word_1_61' title='bbox 667 1040 706 1106; x_wconf 82' lang='lat' dir='ltr'>At</span> <span class='ocrx_word' id='word_1_62' title='bbox 721 1042 747 1107; x_wconf 94' lang='lat' dir='ltr'>si</span> <span class='ocrx_word' id='word_1_63' title='bbox 762 1058 822 1107; x_wconf 91' lang='lat' dir='ltr'>non</span> <span class='ocrx_word' id='word_1_64' title='bbox 837 1044 1000 1127; x_wconf 73' lang='lat' dir='ltr'>corrigam,</span> <span class='ocrx_word' id='word_1_65' title='bbox 1024 1051 1096 1108; x_wconf 90' lang='lat' dir='ltr'>tunc</span> <span class='ocrx_word' id='word_1_66' title='bbox 1115 1060 1185 1109; x_wconf 88' lang='lat' dir='ltr'>vera</span> <span class='ocrx_word' id='word_1_67' title='bbox 1205 1045 1340 1114; x_wconf 82' lang='lat' dir='ltr'>doctrina</span> <span class='ocrx_word' id='word_1_68' title='bbox 1355 1060 1416 1110; x_wconf 91' lang='lat' dir='ltr'>non</span> 
     </span>
     <span class='ocr_line' id='line_1_7' title="bbox 145 1153 1417 1241; baseline 0 -18"><span class='ocrx_word' id='word_1_69' title='bbox 145 1157 272 1238; x_wconf 66' lang='lat' dir='ltr'>paulin</span> <span class='ocrx_word' id='word_1_70' title='bbox 290 1172 349 1241; x_wconf 74' lang='lat' dir='ltr'>ego</span> <span class='ocrx_word' id='word_1_71' title='bbox 360 1157 478 1222; x_wconf 76' lang='lat' dir='ltr'>interim</span> <span class='ocrx_word' id='word_1_72' title='bbox 493 1156 668 1221; x_wconf 86' lang='lat' dir='ltr'>convincam</span> <span class='ocrx_word' id='word_1_73' title='bbox 683 1156 768 1221; x_wconf 89' lang='lat' dir='ltr'>illum</span> <span class='ocrx_word' id='word_1_74' title='bbox 782 1153 837 1241; x_wconf 87' lang='lat'><strong>(3).</strong></span> <span class='ocrx_word' id='word_1_75' title='bbox 856 1158 919 1239; x_wconf 76' lang='lat' dir='ltr'>Ego</span> <span class='ocrx_word' id='word_1_76' title='bbox 930 1158 1029 1222; x_wconf 87' lang='lat' dir='ltr'>audivi</span> <span class='ocrx_word' id='word_1_77' title='bbox 1044 1158 1198 1223; x_wconf 92' lang='lat' dir='ltr'>dominum</span> <span class='ocrx_word' id='word_1_78' title='bbox 1208 1159 1222 1221; x_wconf 95' lang='grc' dir='ltr'>Ι</span> <span class='ocrx_word' id='word_1_79' title='bbox 1232 1175 1298 1223; x_wconf 81' lang='lat' dir='ltr'>esse</span> <span class='ocrx_word' id='word_1_80' title='bbox 1308 1175 1325 1223; x_wconf 89' lang='lat' dir='ltr'>e</span> <span class='ocrx_word' id='word_1_81' title='bbox 1335 1164 1417 1224; x_wconf 88' lang='lat' dir='ltr'>secta</span> 
     </span>
     <span class='ocr_line' id='line_1_8' title="bbox 146 1269 1418 1351; baseline 0 -16"><span class='ocrx_word' id='word_1_82' title='bbox 146 1270 192 1335; x_wconf 78' lang='lat' dir='ltr'>lle</span> <span class='ocrx_word' id='word_1_83' title='bbox 209 1291 217 1334; x_wconf 77' lang='grc' dir='ltr'><strong><em>ε</em></strong></span> <span class='ocrx_word' id='word_1_84' title='bbox 235 1270 285 1335; x_wconf 76' lang='lat' dir='ltr'>lle</span> <span class='ocrx_word' id='word_1_85' title='bbox 300 1286 410 1337; x_wconf 87' lang='lat' dir='ltr'>curans</span> <span class='ocrx_word' id='word_1_86' title='bbox 423 1271 575 1351; x_wconf 80' lang='lat' dir='ltr'>exequias,</span> <span class='ocrx_word' id='word_1_87' title='bbox 592 1269 623 1334; x_wconf 92' lang='lat' dir='ltr'>in</span> <span class='ocrx_word' id='word_1_88' title='bbox 639 1270 782 1350; x_wconf 86' lang='lat' dir='ltr'>parcitate</span> <span class='ocrx_word' id='word_1_89' title='bbox 797 1271 951 1336; x_wconf 90' lang='lat' dir='ltr'>constituit</span> <span class='ocrx_word' id='word_1_90' title='bbox 966 1286 1051 1337; x_wconf 89' lang='lat' dir='ltr'>suam</span> <span class='ocrx_word' id='word_1_91' title='bbox 1066 1272 1243 1336; x_wconf 88' lang='lat' dir='ltr'>doctrinam.</span> <span class='ocrx_word' id='word_1_92' title='bbox 1274 1273 1418 1337; x_wconf 80' lang='lat' dir='ltr'>Dominus</span> 
     </span>
     <span class='ocr_line' id='line_1_9' title="bbox 145 1382 1416 1468; baseline -0.002 -18"><span class='ocrx_word' id='word_1_93' title='bbox 145 1385 159 1450; x_wconf 93' lang='lat'>1</span> <span class='ocrx_word' id='word_1_94' title='bbox 173 1385 313 1468; x_wconf 75' lang='lat' dir='ltr'>cogitans</span> <span class='ocrx_word' id='word_1_95' title='bbox 322 1400 376 1466; x_wconf 89' lang='lat' dir='ltr'>per</span> <span class='ocrx_word' id='word_1_96' title='bbox 385 1400 452 1449; x_wconf 88' lang='lat' dir='ltr'>eam</span> <span class='ocrx_word' id='word_1_97' title='bbox 467 1384 627 1449; x_wconf 85' lang='lat' dir='ltr'>immutare</span> <span class='ocrx_word' id='word_1_98' title='bbox 641 1382 812 1462; x_wconf 89' lang='lat' dir='ltr'>imperinm,</span> <span class='ocrx_word' id='word_1_99' title='bbox 825 1385 876 1465; x_wconf 85' lang='lat' dir='ltr'>qul</span> <span class='ocrx_word' id='word_1_100' title='bbox 887 1391 1022 1449; x_wconf 81' lang='lat' dir='ltr'>censeret</span> <span class='ocrx_word' id='word_1_101' title='bbox 1036 1384 1118 1448; x_wconf 89' lang='lat' dir='ltr'>illam</span> <span class='ocrx_word' id='word_1_102' title='bbox 1134 1401 1193 1449; x_wconf 94' lang='lat' dir='ltr'>non</span> <span class='ocrx_word' id='word_1_103' title='bbox 1209 1402 1275 1450; x_wconf 89' lang='lat' dir='ltr'>esse</span> <span class='ocrx_word' id='word_1_104' title='bbox 1291 1393 1416 1461; x_wconf 86' lang='lat' dir='ltr'>rectam,</span> 
     </span>
     <span class='ocr_line' id='line_1_10' title="bbox 146 1496 1419 1578; baseline 0.002 -17"><span class='ocrx_word' id='word_1_105' title='bbox 146 1498 279 1578; x_wconf 82' lang='lat' dir='ltr'>adeoque</span> <span class='ocrx_word' id='word_1_106' title='bbox 300 1498 400 1562; x_wconf 89' lang='lat' dir='ltr'>minus</span> <span class='ocrx_word' id='word_1_107' title='bbox 420 1497 524 1562; x_wconf 90' lang='lat' dir='ltr'>lronori</span> <span class='ocrx_word' id='word_1_108' title='bbox 548 1497 689 1562; x_wconf 82' lang='lat' dir='ltr'>habereut</span> <span class='ocrx_word' id='word_1_109' title='bbox 709 1496 748 1560; x_wconf 82' lang='lat' dir='ltr'>At</span> <span class='ocrx_word' id='word_1_110' title='bbox 762 1497 842 1562; x_wconf 85' lang='lat' dir='ltr'>enirn</span> <span class='ocrx_word' id='word_1_111' title='bbox 862 1498 1000 1562; x_wconf 91' lang='lat' dir='ltr'>dominus</span> <span class='ocrx_word' id='word_1_112' title='bbox 1014 1498 1028 1563; x_wconf 92' lang='lat'><em>1</em></span> <span class='ocrx_word' id='word_1_113' title='bbox 1044 1497 1180 1577; x_wconf 83' lang='lat' dir='ltr'>sepelivit</span> <span class='ocrx_word' id='word_1_114' title='bbox 1194 1515 1265 1563; x_wconf 89' lang='lat' dir='ltr'>suos</span> <span class='ocrx_word' id='word_1_115' title='bbox 1280 1506 1419 1578; x_wconf 86' lang='lat' dir='ltr'>parentes</span> 
     </span>
     <span class='ocr_line' id='line_1_11' title="bbox 147 1611 1419 1695; baseline 0.002 -21"><span class='ocrx_word' id='word_1_116' title='bbox 147 1619 322 1692; x_wconf 81' lang='lat' dir='ltr'>sumptuose</span> <span class='ocrx_word' id='word_1_117' title='bbox 334 1631 342 1675; x_wconf 75' lang='grc' dir='ltr'><strong>ε</strong></span> <span class='ocrx_word' id='word_1_118' title='bbox 356 1612 399 1676; x_wconf 88' lang='lat' dir='ltr'>sic</span> <span class='ocrx_word' id='word_1_119' title='bbox 412 1625 487 1695; x_wconf 78' lang='lat' dir='ltr'>ergo</span> <span class='ocrx_word' id='word_1_120' title='bbox 502 1628 570 1676; x_wconf 88' lang='lat' dir='ltr'>curn</span> <span class='ocrx_word' id='word_1_121' title='bbox 581 1611 706 1690; x_wconf 92' lang='lat' dir='ltr'>eoquod</span> <span class='ocrx_word' id='word_1_122' title='bbox 721 1612 779 1675; x_wconf 91' lang='lat' dir='ltr'>vile</span> <span class='ocrx_word' id='word_1_123' title='bbox 794 1612 944 1675; x_wconf 83' lang='lat' dir='ltr'>existimat</span> <span class='ocrx_word' id='word_1_124' title='bbox 961 1611 1084 1675; x_wconf 79' lang='lat' dir='ltr'>servivit</span> <span class='ocrx_word' id='word_1_125' title='bbox 1099 1612 1282 1691; x_wconf 87' lang='lat' dir='ltr'>parentibus.</span> <span class='ocrx_word' id='word_1_126' title='bbox 1306 1612 1357 1676; x_wconf 84' lang='lat' dir='ltr'>Sin</span> <span class='ocrx_word' id='word_1_127' title='bbox 1373 1618 1419 1676; x_wconf 90' lang='lat' dir='ltr'>tse</span> 
     </span>
     <span class='ocr_line' id='line_1_12' title="bbox 146 1724 1419 1805; baseline 0.002 -17"><span class='ocrx_word' id='word_1_128' title='bbox 146 1724 176 1788; x_wconf 93' lang='lat' dir='ltr'>id</span> <span class='ocrx_word' id='word_1_129' title='bbox 185 1726 302 1790; x_wconf 91' lang='lat' dir='ltr'>monuit</span> <span class='ocrx_word' id='word_1_130' title='bbox 317 1725 471 1791; x_wconf 92' lang='lat' dir='ltr'>dominum</span> <span class='ocrx_word' id='word_1_131' title='bbox 481 1725 512 1801; x_wconf 84' lang='lat'>13</span> <span class='ocrx_word' id='word_1_132' title='bbox 526 1725 576 1805; x_wconf 88' lang='lat' dir='ltr'>qui</span> <span class='ocrx_word' id='word_1_133' title='bbox 586 1724 629 1787; x_wconf 84' lang='lat' dir='ltr'>ait</span> <span class='ocrx_word' id='word_1_134' title='bbox 641 1743 648 1787; x_wconf 92' lang='lat'>:</span> <span class='ocrx_word' id='word_1_135' title='bbox 662 1725 691 1787; x_wconf 94' lang='lat' dir='ltr'>in</span> <span class='ocrx_word' id='word_1_136' title='bbox 703 1724 902 1789; x_wconf 86' lang='lat' dir='ltr'>litteratorum</span> <span class='ocrx_word' id='word_1_137' title='bbox 917 1724 1061 1802; x_wconf 85' lang='lat' dir='ltr'>doctrina,</span> <span class='ocrx_word' id='word_1_138' title='bbox 1080 1724 1267 1804; x_wconf 79' lang='lat' dir='ltr'>antiquitatis</span> <span class='ocrx_word' id='word_1_139' title='bbox 1281 1725 1419 1790; x_wconf 85' lang='lat' dir='ltr'>nomines</span> 
     </span>
    </p>
   </div>
   <div class='ocr_carea' id='block_1_3' title="bbox 147 1835 1536 1922">
    <p class='ocr_par' dir='ltr' id='par_1_3' title="bbox 147 1835 1536 1922">
     <span class='ocr_line' id='line_1_13' title="bbox 147 1835 1536 1922; baseline -0.005 -18"><span class='ocrx_word' id='word_1_140' title='bbox 147 1838 269 1920; x_wconf 88' lang='lat' dir='ltr'>perinde</span> <span class='ocrx_word' id='word_1_141' title='bbox 285 1839 428 1919; x_wconf 90' lang='lat' dir='ltr'>populum</span> <span class='ocrx_word' id='word_1_142' title='bbox 444 1837 628 1902; x_wconf 82' lang='lat' dir='ltr'>fovebantac</span> <span class='ocrx_word' id='word_1_143' title='bbox 639 1839 812 1904; x_wconf 86' lang='lat' dir='ltr'>tenellulum</span> <span class='ocrx_word' id='word_1_144' title='bbox 827 1836 971 1902; x_wconf 80' lang='lat' dir='ltr'>infantem</span> <span class='ocrx_word' id='word_1_145' title='bbox 984 1835 1040 1922; x_wconf 82' lang='lat' dir='ltr'>(l);</span> <span class='ocrx_word' id='word_1_146' title='bbox 1054 1839 1110 1902; x_wconf 93' lang='lat' dir='ltr'>lroc</span> <span class='ocrx_word' id='word_1_147' title='bbox 1120 1837 1232 1902; x_wconf 90' lang='lat' dir='ltr'>dictum</span> <span class='ocrx_word' id='word_1_148' title='bbox 1243 1839 1313 1919; x_wconf 89' lang='lat' dir='ltr'>quid</span> <span class='ocrx_word' id='word_1_149' title='bbox 1325 1838 1419 1921; x_wconf 75' lang='lat' dir='ltr'>signi·</span> <span class='ocrx_word' id='word_1_150' title='bbox 1533 1844 1536 1848; x_wconf 70' lang='grc'>“</span> 
     </span>
    </p>
   </div>
   <div class='ocr_carea' id='block_1_4' title="bbox 148 1950 1421 3167">
    <p class='ocr_par' dir='ltr' id='par_1_4' title="bbox 148 1950 1421 3167">
     <span class='ocr_line' id='line_1_14' title="bbox 148 1950 1419 2036; baseline 0 -20"><span class='ocrx_word' id='word_1_151' title='bbox 148 1951 233 2016; x_wconf 74' lang='lat' dir='ltr'>licat?</span> <span class='ocrx_word' id='word_1_152' title='bbox 254 1953 321 2036; x_wconf 77' lang='lat' dir='ltr'>ligo</span> <span class='ocrx_word' id='word_1_153' title='bbox 336 1952 417 2016; x_wconf 77' lang='lat' dir='ltr'>Tolle</span> <span class='ocrx_word' id='word_1_154' title='bbox 432 1967 504 2015; x_wconf 90' lang='lat' dir='ltr'>vero</span> <span class='ocrx_word' id='word_1_155' title='bbox 518 1950 655 2015; x_wconf 78' lang='lat' dir='ltr'>existimo</span> <span class='ocrx_word' id='word_1_156' title='bbox 671 1966 804 2015; x_wconf 90' lang='lat' dir='ltr'>amorem</span> <span class='ocrx_word' id='word_1_157' title='bbox 819 1950 919 2016; x_wconf 85' lang='lat' dir='ltr'>deleri</span> <span class='ocrx_word' id='word_1_158' title='bbox 935 1951 999 2015; x_wconf 89' lang='lat' dir='ltr'>sine</span> <span class='ocrx_word' id='word_1_159' title='bbox 1013 1951 1150 2016; x_wconf 86' lang='lat' dir='ltr'>ordinum</span> <span class='ocrx_word' id='word_1_160' title='bbox 1167 1952 1349 2027; x_wconf 83' lang='lat' dir='ltr'>discrimine,</span> <span class='ocrx_word' id='word_1_161' title='bbox 1366 1952 1419 2016; x_wconf 89' lang='lat' dir='ltr'>sed</span> 
     </span>
     <span class='ocr_line' id='line_1_15' title="bbox 148 2063 1419 2146; baseline -0.002 -17"><span class='ocrx_word' id='word_1_162' title='bbox 148 2064 377 2146; x_wconf 78' lang='lat' dir='ltr'>applicationem</span> <span class='ocrx_word' id='word_1_163' title='bbox 392 2064 594 2145; x_wconf 87' lang='lat' dir='ltr'>aparentibus</span> <span class='ocrx_word' id='word_1_164' title='bbox 608 2063 816 2144; x_wconf 87' lang='lat' dir='ltr'>incipiendam.</span> <span class='ocrx_word' id='word_1_165' title='bbox 841 2065 892 2128; x_wconf 85' lang='lat' dir='ltr'>Sia</span> <span class='ocrx_word' id='word_1_166' title='bbox 908 2073 953 2129; x_wconf 89' lang='lat' dir='ltr'>tse</span> <span class='ocrx_word' id='word_1_167' title='bbox 968 2065 998 2128; x_wconf 92' lang='lat' dir='ltr'>id</span> <span class='ocrx_word' id='word_1_168' title='bbox 1013 2063 1128 2129; x_wconf 91' lang='lat' dir='ltr'>monuit</span> <span class='ocrx_word' id='word_1_169' title='bbox 1143 2065 1319 2141; x_wconf 68' lang='lat' dir='ltr'>dionisium</span> <span class='ocrx_word' id='word_1_170' title='bbox 1337 2065 1419 2128; x_wconf 90' lang='lat' dir='ltr'>llen·</span> 
     </span>
     <span class='ocr_line' id='line_1_16' title="bbox 149 2175 1420 2259; baseline 0 -16"><span class='ocrx_word' id='word_1_171' title='bbox 149 2180 223 2243; x_wconf 86' lang='lat' dir='ltr'>tsius</span> <span class='ocrx_word' id='word_1_172' title='bbox 237 2179 280 2242; x_wconf 86' lang='lat' dir='ltr'>ait</span> <span class='ocrx_word' id='word_1_173' title='bbox 299 2199 306 2242; x_wconf 76' lang='grc' dir='ltr'><strong>ε</strong></span> <span class='ocrx_word' id='word_1_174' title='bbox 325 2177 383 2242; x_wconf 88' lang='lat' dir='ltr'>iste</span> <span class='ocrx_word' id='word_1_175' title='bbox 401 2177 539 2243; x_wconf 89' lang='lat' dir='ltr'>dominus</span> <span class='ocrx_word' id='word_1_176' title='bbox 553 2177 567 2242; x_wconf 95' lang='lat' dir='ltr'>l</span> <span class='ocrx_word' id='word_1_177' title='bbox 583 2192 726 2242; x_wconf 79' lang='lat' dir='ltr'>reverens</span> <span class='ocrx_word' id='word_1_178' title='bbox 749 2177 944 2242; x_wconf 80' lang='lat' dir='ltr'>existimatin</span> <span class='ocrx_word' id='word_1_179' title='bbox 961 2178 1082 2242; x_wconf 86' lang='lat' dir='ltr'>homine</span> <span class='ocrx_word' id='word_1_180' title='bbox 1102 2178 1228 2259; x_wconf 79' lang='lat' dir='ltr'>diligere</span> <span class='ocrx_word' id='word_1_181' title='bbox 1249 2178 1295 2241; x_wconf 91' lang='lat' dir='ltr'>sui</span> <span class='ocrx_word' id='word_1_182' title='bbox 1318 2175 1420 2243; x_wconf 79' lang='lat' dir='ltr'>fratris</span> 
     </span>
     <span class='ocr_line' id='line_1_17' title="bbox 150 2290 1420 2374; baseline -0.001 -18"><span class='ocrx_word' id='word_1_183' title='bbox 150 2292 242 2356; x_wconf 85' lang='lat' dir='ltr'>ilium</span> <span class='ocrx_word' id='word_1_184' title='bbox 257 2307 326 2358; x_wconf 84' lang='lat' dir='ltr'>esse</span> <span class='ocrx_word' id='word_1_185' title='bbox 338 2290 416 2356; x_wconf 90' lang='lat' dir='ltr'>sicut</span> <span class='ocrx_word' id='word_1_186' title='bbox 430 2291 555 2374; x_wconf 75' lang='lat' dir='ltr'>diligere</span> <span class='ocrx_word' id='word_1_187' title='bbox 565 2291 612 2354; x_wconf 91' lang='lat' dir='ltr'>sui</span> <span class='ocrx_word' id='word_1_188' title='bbox 622 2290 710 2355; x_wconf 88' lang='lat' dir='ltr'>vicini</span> <span class='ocrx_word' id='word_1_189' title='bbox 727 2292 870 2355; x_wconf 90' lang='lat' dir='ltr'>tenellum</span> <span class='ocrx_word' id='word_1_190' title='bbox 885 2291 1050 2355; x_wconf 87' lang='lat' dir='ltr'>inianternt</span> <span class='ocrx_word' id='word_1_191' title='bbox 1070 2292 1146 2355; x_wconf 91' lang='lat' dir='ltr'>lllud</span> <span class='ocrx_word' id='word_1_192' title='bbox 1160 2291 1251 2356; x_wconf 81' lang='lat' dir='ltr'>halet</span> <span class='ocrx_word' id='word_1_193' title='bbox 1266 2292 1420 2371; x_wconf 88' lang='lat' dir='ltr'>pmprium</span> 
     </span>
     <span class='ocr_line' id='line_1_18' title="bbox 151 2402 1419 2490; baseline 0 -20"><span class='ocrx_word' id='word_1_194' title='bbox 151 2421 270 2470; x_wconf 89' lang='lat' dir='ltr'>sensum</span> <span class='ocrx_word' id='word_1_195' title='bbox 287 2402 332 2490; x_wconf 87' lang='lat'>(5)</span> <span class='ocrx_word' id='word_1_196' title='bbox 346 2422 355 2468; x_wconf 76' lang='grc' dir='ltr'>ε</span> <span class='ocrx_word' id='word_1_197' title='bbox 367 2405 447 2486; x_wconf 90' lang='lat' dir='ltr'>quod</span> <span class='ocrx_word' id='word_1_198' title='bbox 461 2404 589 2469; x_wconf 89' lang='lat' dir='ltr'>tenellus</span> <span class='ocrx_word' id='word_1_199' title='bbox 603 2404 701 2468; x_wconf 87' lang='lat' dir='ltr'>iulans</span> <span class='ocrx_word' id='word_1_200' title='bbox 717 2411 837 2484; x_wconf 87' lang='lat' dir='ltr'>reptans</span> <span class='ocrx_word' id='word_1_201' title='bbox 852 2404 891 2468; x_wconf 92' lang='lat' dir='ltr'>sit</span> <span class='ocrx_word' id='word_1_202' title='bbox 906 2405 1044 2484; x_wconf 87' lang='lat' dir='ltr'>lapsurus</span> <span class='ocrx_word' id='word_1_203' title='bbox 1059 2404 1090 2469; x_wconf 95' lang='lat' dir='ltr'>iu</span> <span class='ocrx_word' id='word_1_204' title='bbox 1105 2411 1228 2485; x_wconf 88' lang='lat' dir='ltr'>putenm</span> <span class='ocrx_word' id='word_1_205' title='bbox 1243 2421 1303 2469; x_wconf 93' lang='lat' dir='ltr'>non</span> <span class='ocrx_word' id='word_1_206' title='bbox 1319 2413 1366 2469; x_wconf 91' lang='lat' dir='ltr'>est</span> <span class='ocrx_word' id='word_1_207' title='bbox 1377 2412 1419 2470; x_wconf 89' lang='lat' dir='ltr'>te·</span> 
     </span>
     <span class='ocr_line' id='line_1_19' title="bbox 151 2514 1420 2602; baseline -0.001 -20"><span class='ocrx_word' id='word_1_208' title='bbox 151 2518 220 2583; x_wconf 88' lang='lat' dir='ltr'>nelli</span> <span class='ocrx_word' id='word_1_209' title='bbox 235 2517 361 2583; x_wconf 76' lang='lat' dir='ltr'>infantis</span> <span class='ocrx_word' id='word_1_210' title='bbox 375 2519 462 2598; x_wconf 86' lang='lat' dir='ltr'>culpa</span> <span class='ocrx_word' id='word_1_211' title='bbox 475 2514 529 2602; x_wconf 68' lang='lat'>(6).</span> <span class='ocrx_word' id='word_1_212' title='bbox 554 2518 647 2582; x_wconf 91' lang='lat' dir='ltr'>Porro</span> <span class='ocrx_word' id='word_1_213' title='bbox 663 2518 772 2582; x_wconf 89' lang='lat' dir='ltr'>coelum</span> <span class='ocrx_word' id='word_1_214' title='bbox 788 2519 977 2598; x_wconf 92' lang='lat' dir='ltr'>producendo</span> <span class='ocrx_word' id='word_1_215' title='bbox 993 2519 1138 2595; x_wconf 89' lang='lat' dir='ltr'>homines,</span> <span class='ocrx_word' id='word_1_216' title='bbox 1159 2518 1228 2582; x_wconf 86' lang='lat' dir='ltr'>lecit</span> <span class='ocrx_word' id='word_1_217' title='bbox 1242 2519 1311 2582; x_wconf 91' lang='lat' dir='ltr'>illos</span> <span class='ocrx_word' id='word_1_218' title='bbox 1325 2534 1420 2582; x_wconf 93' lang='lat' dir='ltr'>unum</span> 
     </span>
     <span class='ocr_line' id='line_1_20' title="bbox 152 2630 1417 2712; baseline -0.003 -15"><span class='ocrx_word' id='word_1_219' title='bbox 152 2632 259 2697; x_wconf 84' lang='lat' dir='ltr'>habere</span> <span class='ocrx_word' id='word_1_220' title='bbox 284 2631 476 2712; x_wconf 88' lang='lat' dir='ltr'>principiam,</span> <span class='ocrx_word' id='word_1_221' title='bbox 493 2638 523 2696; x_wconf 87' lang='lat' dir='ltr'>et</span> <span class='ocrx_word' id='word_1_222' title='bbox 537 2631 676 2695; x_wconf 91' lang='lat' dir='ltr'>dominus</span> <span class='ocrx_word' id='word_1_223' title='bbox 690 2632 705 2695; x_wconf 96' lang='lat' dir='ltr'>l</span> <span class='ocrx_word' id='word_1_224' title='bbox 719 2631 778 2696; x_wconf 90' lang='lat' dir='ltr'>duo</span> <span class='ocrx_word' id='word_1_225' title='bbox 800 2631 870 2696; x_wconf 83' lang='lat' dir='ltr'>lacit</span> <span class='ocrx_word' id='word_1_226' title='bbox 891 2630 1052 2710; x_wconf 88' lang='lat' dir='ltr'>principia;</span> <span class='ocrx_word' id='word_1_227' title='bbox 1068 2648 1105 2695; x_wconf 93' lang='lat' dir='ltr'>en</span> <span class='ocrx_word' id='word_1_228' title='bbox 1120 2646 1211 2696; x_wconf 86' lang='lat' dir='ltr'>causa</span> <span class='ocrx_word' id='word_1_229' title='bbox 1232 2631 1343 2696; x_wconf 89' lang='lat' dir='ltr'>erroris</span> <span class='ocrx_word' id='word_1_230' title='bbox 1357 2633 1417 2709; x_wconf 83' lang='lat'><strong>(7).</strong></span> 
     </span>
     <span class='ocr_line' id='line_1_21' title="bbox 153 2744 1421 2826; baseline 0.001 -18"><span class='ocrx_word' id='word_1_231' title='bbox 153 2744 227 2811; x_wconf 86' lang='lat' dir='ltr'>Sane</span> <span class='ocrx_word' id='word_1_232' title='bbox 251 2745 359 2826; x_wconf 91' lang='lat' dir='ltr'>primis</span> <span class='ocrx_word' id='word_1_233' title='bbox 382 2745 508 2822; x_wconf 74' lang='lat' dir='ltr'>saeculis,</span> <span class='ocrx_word' id='word_1_234' title='bbox 533 2744 594 2824; x_wconf 84' lang='lat' dir='ltr'>jnrn</span> <span class='ocrx_word' id='word_1_235' title='bbox 612 2745 732 2809; x_wconf 90' lang='lat' dir='ltr'>luerunt</span> <span class='ocrx_word' id='word_1_236' title='bbox 746 2744 797 2823; x_wconf 93' lang='lat' dir='ltr'>qui</span> <span class='ocrx_word' id='word_1_237' title='bbox 813 2759 870 2809; x_wconf 94' lang='lat' dir='ltr'>non</span> <span class='ocrx_word' id='word_1_238' title='bbox 887 2745 1048 2825; x_wconf 84' lang='lat' dir='ltr'>sepelirent</span> <span class='ocrx_word' id='word_1_239' title='bbox 1071 2760 1143 2809; x_wconf 90' lang='lat' dir='ltr'>suos</span> <span class='ocrx_word' id='word_1_240' title='bbox 1167 2750 1323 2825; x_wconf 67' lang='lat' dir='ltr'>parentem</span> <span class='ocrx_word' id='word_1_241' title='bbox 1350 2760 1421 2809; x_wconf 92' lang='lat' dir='ltr'>cum</span> 
     </span>
     <span class='ocr_line' id='line_1_22' title="bbox 153 2857 1418 2939; baseline 0 -18"><span class='ocrx_word' id='word_1_242' title='bbox 153 2859 197 2921; x_wconf 89' lang='lat' dir='ltr'>sui</span> <span class='ocrx_word' id='word_1_243' title='bbox 211 2866 353 2939; x_wconf 87' lang='lat' dir='ltr'>parentes</span> <span class='ocrx_word' id='word_1_244' title='bbox 367 2860 445 2924; x_wconf 86' lang='lat' dir='ltr'>diem</span> <span class='ocrx_word' id='word_1_245' title='bbox 462 2858 635 2935; x_wconf 88' lang='lat' dir='ltr'>obivissent,</span> <span class='ocrx_word' id='word_1_246' title='bbox 652 2866 723 2923; x_wconf 90' lang='lat' dir='ltr'>tanc</span> <span class='ocrx_word' id='word_1_247' title='bbox 737 2857 899 2924; x_wconf 77' lang='lat' dir='ltr'>efferebant</span> <span class='ocrx_word' id='word_1_248' title='bbox 908 2865 938 2923; x_wconf 90' lang='lat' dir='ltr'>et</span> <span class='ocrx_word' id='word_1_249' title='bbox 948 2858 1142 2938; x_wconf 78' lang='lat' dir='ltr'>proiicicbant</span> <span class='ocrx_word' id='word_1_250' title='bbox 1156 2857 1224 2922; x_wconf 92' lang='lat' dir='ltr'>illos</span> <span class='ocrx_word' id='word_1_251' title='bbox 1234 2857 1264 2920; x_wconf 91' lang='lat' dir='ltr'>in</span> <span class='ocrx_word' id='word_1_252' title='bbox 1276 2858 1418 2921; x_wconf 85' lang='lat' dir='ltr'>canales:</span> 
     </span>
     <span class='ocr_line' id='line_1_23' title="bbox 153 2970 1418 3052; baseline -0.001 -17"><span class='ocrx_word' id='word_1_253' title='bbox 153 2972 244 3036; x_wconf 85' lang='lat' dir='ltr'>altera</span> <span class='ocrx_word' id='word_1_254' title='bbox 259 2979 362 3036; x_wconf 86' lang='lat' dir='ltr'>autem</span> <span class='ocrx_word' id='word_1_255' title='bbox 377 2972 424 3036; x_wconf 90' lang='lat' dir='ltr'>die</span> <span class='ocrx_word' id='word_1_256' title='bbox 439 2972 508 3037; x_wconf 89' lang='lat' dir='ltr'>illac</span> <span class='ocrx_word' id='word_1_257' title='bbox 524 2971 701 3047; x_wconf 80' lang='lat' dir='ltr'>mansitant,</span> <span class='ocrx_word' id='word_1_258' title='bbox 718 2978 749 3035; x_wconf 91' lang='lat' dir='ltr'>ct</span> <span class='ocrx_word' id='word_1_259' title='bbox 764 2970 901 3052; x_wconf 90' lang='lat' dir='ltr'>vulpibus</span> <span class='ocrx_word' id='word_1_260' title='bbox 916 2972 1097 3051; x_wconf 82' lang='lat' dir='ltr'>canibusque</span> <span class='ocrx_word' id='word_1_261' title='bbox 1111 2971 1180 3035; x_wconf 94' lang='lat' dir='ltr'>illos</span> <span class='ocrx_word' id='word_1_262' title='bbox 1195 2971 1418 3047; x_wconf 88' lang='lat' dir='ltr'>devorantibus,</span> 
     </span>
     <span class='ocr_line' id='line_1_24' title="bbox 154 3083 1418 3167; baseline 0 -20"><span class='ocrx_word' id='word_1_263' title='bbox 154 3085 323 3167; x_wconf 88' lang='lat' dir='ltr'>muscisque</span> <span class='ocrx_word' id='word_1_264' title='bbox 333 3092 363 3150; x_wconf 91' lang='lat' dir='ltr'>et</span> <span class='ocrx_word' id='word_1_265' title='bbox 373 3085 517 3150; x_wconf 86' lang='lat' dir='ltr'>culicibus</span> <span class='ocrx_word' id='word_1_266' title='bbox 526 3101 578 3150; x_wconf 85' lang='lat' dir='ltr'>cos</span> <span class='ocrx_word' id='word_1_267' title='bbox 589 3085 708 3151; x_wconf 88' lang='lat' dir='ltr'>interim</span> <span class='ocrx_word' id='word_1_268' title='bbox 724 3084 961 3166; x_wconf 83' lang='lat' dir='ltr'>depascentibus,</span> <span class='ocrx_word' id='word_1_269' title='bbox 978 3099 1033 3151; x_wconf 83' lang='lat' dir='ltr'>sua</span> <span class='ocrx_word' id='word_1_270' title='bbox 1048 3086 1144 3149; x_wconf 91' lang='lat' dir='ltr'>lronte</span> <span class='ocrx_word' id='word_1_271' title='bbox 1160 3083 1298 3147; x_wconf 81' lang='lat' dir='ltr'>manabat</span> <span class='ocrx_word' id='word_1_272' title='bbox 1315 3084 1418 3165; x_wconf 88' lang='lat' dir='ltr'>sudor,</span> 
     </span>
    </p>
   </div>
   <div class='ocr_carea' id='block_1_5' title="bbox 121 3341 1432 4787">
    <p class='ocr_par' dir='ltr' id='par_1_5' title="bbox 121 3341 1423 3649">
     <span class='ocr_line' id='line_1_25' title="bbox 154 3341 1422 3424; baseline -0.001 -20"><span class='ocrx_word' id='word_1_273' title='bbox 154 3345 316 3424; x_wconf 83' lang='lat' dir='ltr'>copulativa</span> <span class='ocrx_word' id='word_1_274' title='bbox 330 3368 339 3404; x_wconf 79' lang='lat' dir='ltr'>r</span> <span class='ocrx_word' id='word_1_275' title='bbox 355 3344 387 3404; x_wconf 78' lang='lat'>2⁰</span> <span class='ocrx_word' id='word_1_276' title='bbox 400 3352 488 3421; x_wconf 76' lang='lat' dir='ltr'>auget</span> <span class='ocrx_word' id='word_1_277' title='bbox 510 3343 628 3404; x_wconf 89' lang='lat' dir='ltr'>omnino</span> <span class='ocrx_word' id='word_1_278' title='bbox 650 3363 774 3405; x_wconf 84' lang='lat' dir='ltr'>sensum.</span> <span class='ocrx_word' id='word_1_279' title='bbox 794 3344 827 3405; x_wconf 78' lang='lat'>3⁰</span> <span class='ocrx_word' id='word_1_280' title='bbox 840 3344 890 3403; x_wconf 82' lang='lat' dir='ltr'>vix</span> <span class='ocrx_word' id='word_1_281' title='bbox 913 3341 1020 3421; x_wconf 73' lang='lat' dir='ltr'>aliquid</span> <span class='ocrx_word' id='word_1_282' title='bbox 1044 3351 1140 3421; x_wconf 76' lang='lat' dir='ltr'>auget.</span> <span class='ocrx_word' id='word_1_283' title='bbox 1170 3342 1337 3401; x_wconf 83' lang='lat' dir='ltr'>Transitum</span> <span class='ocrx_word' id='word_1_284' title='bbox 1353 3366 1362 3404; x_wconf 72' lang='grc' dir='ltr'><strong>ε</strong></span> <span class='ocrx_word' id='word_1_285' title='bbox 1377 3352 1422 3407; x_wconf 84' lang='lat' dir='ltr'>eet</span> 
     </span>
     <span class='ocr_line' id='line_1_26' title="bbox 121 3455 1423 3547; baseline -0.002 -29"><span class='ocrx_word' id='word_1_286' title='bbox 121 3496 127 3503; x_wconf 91' lang='lat'>·</span> <span class='ocrx_word' id='word_1_287' title='bbox 153 3458 257 3518; x_wconf 83' lang='lat' dir='ltr'>scilicet</span> <span class='ocrx_word' id='word_1_288' title='bbox 273 3458 305 3517; x_wconf 88' lang='lat'>1⁰</span> <span class='ocrx_word' id='word_1_289' title='bbox 320 3457 399 3517; x_wconf 76' lang='lat' dir='ltr'>aliud</span> <span class='ocrx_word' id='word_1_290' title='bbox 421 3456 589 3536; x_wconf 84' lang='lat' dir='ltr'>incipientis,</span> <span class='ocrx_word' id='word_1_291' title='bbox 603 3467 642 3532; x_wconf 82' lang='lat' dir='ltr'>ot,</span> <span class='ocrx_word' id='word_1_292' title='bbox 655 3466 780 3517; x_wconf 81' lang='lat' dir='ltr'>ceterunt.</span> <span class='ocrx_word' id='word_1_293' title='bbox 801 3457 834 3517; x_wconf 78' lang='lat'>2⁰</span> <span class='ocrx_word' id='word_1_294' title='bbox 847 3455 921 3517; x_wconf 86' lang='lat' dir='ltr'>velut</span> <span class='ocrx_word' id='word_1_295' title='bbox 944 3457 1149 3535; x_wconf 83' lang='lat' dir='ltr'>praetereuntis,</span> <span class='ocrx_word' id='word_1_296' title='bbox 1174 3456 1292 3513; x_wconf 81' lang='lat' dir='ltr'>interior.</span> <span class='ocrx_word' id='word_1_297' title='bbox 1313 3456 1347 3514; x_wconf 77' lang='lat'>3⁰</span> <span class='ocrx_word' id='word_1_298' title='bbox 1361 3476 1423 3547; x_wconf 79' lang='lat' dir='ltr'>rena</span> 
     </span>
     <span class='ocr_line' id='line_1_27' title="bbox 154 3570 462 3649; baseline -0.003 -1"><span class='ocrx_word' id='word_1_299' title='bbox 154 3570 357 3649; x_wconf 66' lang='lat' dir='ltr'>aggreumm</span> <span class='ocrx_word' id='word_1_300' title='bbox 364 3590 462 3648; x_wconf 70' lang='lat' dir='ltr'>pom.</span> 
     </span>
    </p>

    <p class='ocr_par' dir='ltr' id='par_1_6' title="bbox 155 3677 1428 4104">
     <span class='ocr_line' id='line_1_28' title="bbox 193 3677 1428 3763; baseline -0.001 -18"><span class='ocrx_word' id='word_1_301' title='bbox 193 3677 237 3753; x_wconf 84' lang='lat'>(4)</span> <span class='ocrx_word' id='word_1_302' title='bbox 258 3685 295 3745; x_wconf 89' lang='lat' dir='ltr'>Id</span> <span class='ocrx_word' id='word_1_303' title='bbox 311 3682 532 3761; x_wconf 70' lang='lat' dir='ltr'>mangonicat</span> <span class='ocrx_word' id='word_1_304' title='bbox 555 3703 681 3744; x_wconf 80' lang='lat' dir='ltr'>umorem</span> <span class='ocrx_word' id='word_1_305' title='bbox 705 3684 894 3745; x_wconf 84' lang='lat' dir='ltr'>universalem</span> <span class='ocrx_word' id='word_1_306' title='bbox 915 3685 977 3745; x_wconf 84' lang='lat' dir='ltr'>sine</span> <span class='ocrx_word' id='word_1_307' title='bbox 1000 3683 1096 3763; x_wconf 90' lang='lat' dir='ltr'>populi</span> <span class='ocrx_word' id='word_1_308' title='bbox 1112 3679 1156 3741; x_wconf 83' lang='lat' dir='ltr'>vel</span> <span class='ocrx_word' id='word_1_309' title='bbox 1168 3679 1218 3740; x_wconf 87' lang='lat' dir='ltr'>lilii</span> <span class='ocrx_word' id='word_1_310' title='bbox 1241 3680 1428 3761; x_wconf 70' lang='lat' dir='ltr'>discrimine3</span> 
     </span>
     <span class='ocr_line' id='line_1_29' title="bbox 156 3768 1425 3877; baseline 0.001 -22"><span class='ocrx_word' id='word_1_311' title='bbox 156 3798 330 3875; x_wconf 82' lang='lat' dir='ltr'>proindeque</span> <span class='ocrx_word' id='word_1_312' title='bbox 353 3805 398 3857; x_wconf 82' lang='lat' dir='ltr'>cst</span> <span class='ocrx_word' id='word_1_313' title='bbox 407 3797 494 3875; x_wconf 80' lang='lat' dir='ltr'>juxta</span> <span class='ocrx_word' id='word_1_314' title='bbox 515 3807 643 3857; x_wconf 83' lang='lat' dir='ltr'>nostram</span> <span class='ocrx_word' id='word_1_315' title='bbox 666 3799 835 3859; x_wconf 84' lang='lat' dir='ltr'>doctrinam.</span> <span class='ocrx_word' id='word_1_316' title='bbox 858 3798 922 3877; x_wconf 82' lang='lat' dir='ltr'>Ego</span> <span class='ocrx_word' id='word_1_317' title='bbox 945 3818 1010 3858; x_wconf 86' lang='lat' dir='ltr'>vero</span> <span class='ocrx_word' id='word_1_318' title='bbox 1034 3794 1165 3857; x_wconf 81' lang='lat' dir='ltr'>omnibus</span> <span class='ocrx_word' id='word_1_319' title='bbox 1186 3813 1265 3871; x_wconf 80' lang='lat' dir='ltr'>aequc</span> <span class='ocrx_word' id='word_1_320' title='bbox 1292 3768 1425 3872; x_wconf 83' lang='lat' dir='ltr'>profiteor</span> 
     </span>
     <span class='ocr_line' id='line_1_30' title="bbox 156 3908 1426 3989; baseline 0.002 -21"><span class='ocrx_word' id='word_1_321' title='bbox 156 3910 338 3989; x_wconf 78' lang='lat' dir='ltr'>magnifieum</span> <span class='ocrx_word' id='word_1_322' title='bbox 352 3919 382 3969; x_wconf 89' lang='lat' dir='ltr'>et</span> <span class='ocrx_word' id='word_1_323' title='bbox 393 3908 538 3970; x_wconf 79' lang='lat' dir='ltr'>liberalem</span> <span class='ocrx_word' id='word_1_324' title='bbox 552 3930 688 3983; x_wconf 79' lang='lat' dir='ltr'>amorem,</span> <span class='ocrx_word' id='word_1_325' title='bbox 710 3910 788 3987; x_wconf 87' lang='lat' dir='ltr'>qnod</span> <span class='ocrx_word' id='word_1_326' title='bbox 801 3914 984 3972; x_wconf 78' lang='lat' dir='ltr'>manifestare</span> <span class='ocrx_word' id='word_1_327' title='bbox 1007 3911 1101 3988; x_wconf 83' lang='lat' dir='ltr'>incepi</span> <span class='ocrx_word' id='word_1_328' title='bbox 1112 3909 1143 3967; x_wconf 88' lang='lat' dir='ltr'>in</span> <span class='ocrx_word' id='word_1_329' title='bbox 1157 3908 1332 3985; x_wconf 74' lang='lat' dir='ltr'>parentibus,</span> <span class='ocrx_word' id='word_1_330' title='bbox 1347 3910 1426 3970; x_wconf 88' lang='lat' dir='ltr'>ideo-</span> 
     </span>
     <span class='ocr_line' id='line_1_31' title="bbox 155 4023 1105 4104; baseline -0.002 -21"><span class='ocrx_word' id='word_1_331' title='bbox 155 4042 208 4101; x_wconf 87' lang='lat' dir='ltr'>qnc</span> <span class='ocrx_word' id='word_1_332' title='bbox 219 4031 388 4104; x_wconf 81' lang='lat' dir='ltr'>sumptuoso</span> <span class='ocrx_word' id='word_1_333' title='bbox 400 4024 564 4102; x_wconf 82' lang='lat' dir='ltr'>parentari3</span> <span class='ocrx_word' id='word_1_334' title='bbox 585 4023 713 4102; x_wconf 85' lang='lat' dir='ltr'>paullum</span> <span class='ocrx_word' id='word_1_335' title='bbox 726 4024 756 4083; x_wconf 88' lang='lat' dir='ltr'>in</span> <span class='ocrx_word' id='word_1_336' title='bbox 771 4023 826 4084; x_wconf 88' lang='lat' dir='ltr'>hoc</span> <span class='ocrx_word' id='word_1_337' title='bbox 839 4047 857 4085; x_wconf 81' lang='lat' dir='ltr'>c</span> <span class='ocrx_word' id='word_1_338' title='bbox 870 4025 919 4085; x_wconf 85' lang='lat' dir='ltr'>lde&#39;</span> <span class='ocrx_word' id='word_1_339' title='bbox 935 4025 958 4083; x_wconf 93' lang='lat' dir='ltr'>ti</span> <span class='ocrx_word' id='word_1_340' title='bbox 970 4024 1105 4084; x_wconf 80' lang='lat' dir='ltr'>diversus.</span> 
     </span>
    </p>

    <p class='ocr_par' dir='ltr' id='par_1_7' title="bbox 193 4109 952 4213">
     <span class='ocr_line' id='line_1_32' title="bbox 193 4109 952 4213; baseline -0.001 -15"><span class='ocrx_word' id='word_1_341' title='bbox 193 4126 240 4208; x_wconf 79' lang='grc' dir='ltr'>(ὅ)</span> <span class='ocrx_word' id='word_1_342' title='bbox 260 4114 320 4209; x_wconf 49' lang='grc' dir='ltr'>ᾖ,</span> <span class='ocrx_word' id='word_1_343' title='bbox 333 4155 384 4197; x_wconf 85' lang='lat' dir='ltr'>acu</span> <span class='ocrx_word' id='word_1_344' title='bbox 398 4112 441 4196; x_wconf 50' lang='lat' dir='ltr'>R</span> <span class='ocrx_word' id='word_1_345' title='bbox 457 4109 514 4209; x_wconf 45' lang='grc' dir='ltr'>ἃ,</span> <span class='ocrx_word' id='word_1_346' title='bbox 528 4155 610 4213; x_wconf 84' lang='lat' dir='ltr'>quem</span> <span class='ocrx_word' id='word_1_347' title='bbox 625 4136 680 4198; x_wconf 82' lang='lat' dir='ltr'>ribi</span> <span class='ocrx_word' id='word_1_348' title='bbox 694 4137 819 4197; x_wconf 65' lang='lat' dir='ltr'>vinditat</span> <span class='ocrx_word' id='word_1_349' title='bbox 831 4157 952 4199; x_wconf 84' lang='lat' dir='ltr'>sensnm.</span> 
     </span>
    </p>

    <p class='ocr_par' dir='ltr' id='par_1_8' title="bbox 195 4241 1330 4336">
     <span class='ocr_line' id='line_1_33' title="bbox 195 4241 1330 4336; baseline -0.002 -24"><span class='ocrx_word' id='word_1_350' title='bbox 195 4241 239 4319; x_wconf 84' lang='grc'>(6)</span> <span class='ocrx_word' id='word_1_351' title='bbox 257 4252 310 4312; x_wconf 80' lang='lat' dir='ltr'>Ita</span> <span class='ocrx_word' id='word_1_352' title='bbox 322 4249 400 4310; x_wconf 86' lang='lat' dir='ltr'>radis</span> <span class='ocrx_word' id='word_1_353' title='bbox 413 4249 559 4329; x_wconf 81' lang='lat' dir='ltr'>plebecula</span> <span class='ocrx_word' id='word_1_354' title='bbox 571 4250 980 4330; x_wconf 81' lang='lat' dir='ltr'>custodiendaraeimprudcns</span> <span class='ocrx_word' id='word_1_355' title='bbox 992 4259 1097 4329; x_wconf 85' lang='lat' dir='ltr'>peccet.</span> <span class='ocrx_word' id='word_1_356' title='bbox 1327 4330 1330 4336; x_wconf 23' lang='grc' dir='ltr'>Ι</span> 
     </span>
    </p>

    <p class='ocr_par' dir='ltr' id='par_1_9' title="bbox 159 4358 1432 4787">
     <span class='ocr_line' id='line_1_34' title="bbox 196 4358 1430 4444; baseline 0.003 -18"><span class='ocrx_word' id='word_1_357' title='bbox 196 4358 241 4435; x_wconf 86' lang='grc'>(7)</span> <span class='ocrx_word' id='word_1_358' title='bbox 259 4363 362 4427; x_wconf 86' lang='lat' dir='ltr'>Unum</span> <span class='ocrx_word' id='word_1_359' title='bbox 373 4370 418 4423; x_wconf 80' lang='lat' dir='ltr'>ost</span> <span class='ocrx_word' id='word_1_360' title='bbox 428 4363 594 4442; x_wconf 83' lang='lat' dir='ltr'>principium</span> <span class='ocrx_word' id='word_1_361' title='bbox 608 4363 685 4441; x_wconf 88' lang='lat' dir='ltr'>quod</span> <span class='ocrx_word' id='word_1_362' title='bbox 698 4364 865 4426; x_wconf 82' lang='lat' dir='ltr'>immediate</span> <span class='ocrx_word' id='word_1_363' title='bbox 873 4384 927 4426; x_wconf 86' lang='lat' dir='ltr'>nos</span> <span class='ocrx_word' id='word_1_364' title='bbox 937 4364 1066 4443; x_wconf 76' lang='lat' dir='ltr'>attingit,</span> <span class='ocrx_word' id='word_1_365' title='bbox 1080 4364 1249 4444; x_wconf 85' lang='lat' dir='ltr'>principium</span> <span class='ocrx_word' id='word_1_366' title='bbox 1262 4365 1430 4430; x_wconf 75' lang='lat' dir='ltr'>existentiae</span> 
     </span>
     <span class='ocr_line' id='line_1_35' title="bbox 159 4475 1429 4559; baseline 0.006 -22"><span class='ocrx_word' id='word_1_367' title='bbox 159 4485 269 4553; x_wconf 70' lang='lat' dir='ltr'>nomm,</span> <span class='ocrx_word' id='word_1_368' title='bbox 278 4494 330 4540; x_wconf 84' lang='lat' dir='ltr'>seu</span> <span class='ocrx_word' id='word_1_369' title='bbox 340 4476 485 4555; x_wconf 79' lang='lat' dir='ltr'>genitores</span> <span class='ocrx_word' id='word_1_370' title='bbox 495 4498 503 4537; x_wconf 76' lang='grc' dir='ltr'><strong><em>ε</em></strong></span> <span class='ocrx_word' id='word_1_371' title='bbox 513 4477 600 4537; x_wconf 86' lang='lat' dir='ltr'>ceteri</span> <span class='ocrx_word' id='word_1_372' title='bbox 612 4475 742 4537; x_wconf 82' lang='lat' dir='ltr'>homines</span> <span class='ocrx_word' id='word_1_373' title='bbox 752 4497 811 4538; x_wconf 91' lang='lat' dir='ltr'>non</span> <span class='ocrx_word' id='word_1_374' title='bbox 821 4478 986 4539; x_wconf 82' lang='lat' dir='ltr'>immediate</span> <span class='ocrx_word' id='word_1_375' title='bbox 995 4477 1045 4539; x_wconf 65' lang='lat' dir='ltr'>md</span> <span class='ocrx_word' id='word_1_376' title='bbox 1054 4477 1191 4539; x_wconf 81' lang='lat' dir='ltr'>remotius</span> <span class='ocrx_word' id='word_1_377' title='bbox 1200 4496 1253 4539; x_wconf 82' lang='lat' dir='ltr'>noo</span> <span class='ocrx_word' id='word_1_378' title='bbox 1263 4480 1429 4559; x_wconf 75' lang='lat' dir='ltr'>attingunt.</span> 
     </span>
     <span class='ocr_line' id='line_1_36' title="bbox 159 4578 1432 4673; baseline 0.004 -22"><span class='ocrx_word' id='word_1_379' title='bbox 159 4589 192 4652; x_wconf 77' lang='lat' dir='ltr'>Si</span> <span class='ocrx_word' id='word_1_380' title='bbox 204 4612 271 4673; x_wconf 72' lang='lat' dir='ltr'>ergo</span> <span class='ocrx_word' id='word_1_381' title='bbox 283 4599 419 4670; x_wconf 67' lang='lat' dir='ltr'>parentes</span> <span class='ocrx_word' id='word_1_382' title='bbox 430 4598 460 4650; x_wconf 86' lang='lat' dir='ltr'>et</span> <span class='ocrx_word' id='word_1_383' title='bbox 472 4592 560 4651; x_wconf 86' lang='lat' dir='ltr'>ceteri</span> <span class='ocrx_word' id='word_1_384' title='bbox 579 4589 709 4652; x_wconf 72' lang='lat' dir='ltr'>hommes</span> <span class='ocrx_word' id='word_1_385' title='bbox 729 4609 812 4670; x_wconf 70' lang='lat' dir='ltr'>oque</span> <span class='ocrx_word' id='word_1_386' title='bbox 824 4613 877 4654; x_wconf 84' lang='lat' dir='ltr'>noe</span> <span class='ocrx_word' id='word_1_387' title='bbox 889 4593 1064 4671; x_wconf 76' lang='lat' dir='ltr'>proximent,</span> <span class='ocrx_word' id='word_1_388' title='bbox 1078 4578 1177 4653; x_wconf 79' lang='lat' dir='ltr'>induo</span> <span class='ocrx_word' id='word_1_389' title='bbox 1195 4591 1333 4654; x_wconf 86' lang='lat' dir='ltr'>dividitur</span> <span class='ocrx_word' id='word_1_390' title='bbox 1353 4592 1432 4657; x_wconf 80' lang='lat' dir='ltr'>illud</span> 
     </span>
     <span class='ocr_line' id='line_1_37' title="bbox 162 4673 1013 4787; baseline 0.004 -21"><span class='ocrx_word' id='word_1_391' title='bbox 162 4704 335 4787; x_wconf 65' lang='lat' dir='ltr'>priapum.</span> <span class='ocrx_word' id='word_1_392' title='bbox 357 4673 496 4781; x_wconf 67' lang='lat' dir='ltr'>lieno,</span> <span class='ocrx_word' id='word_1_393' title='bbox 509 4703 1013 4773; x_wconf 60' lang='lat' dir='ltr'>numerumnunerum.</span> 
     </span>
    </p>
   </div>
   <div class='ocr_carea' id='block_1_6' title="bbox 0 0 1786 5652">
    <p class='ocr_par' dir='ltr' id='par_1_10' title="bbox 0 0 1786 5652">
     <span class='ocr_line' id='line_1_38' title="bbox 0 0 1786 5652; baseline 0 0"><span class='ocrx_word' id='word_1_394' title='bbox 0 0 1786 5652; x_wconf 95' lang='lat' dir='ltr'> </span> 
     </span>
    </p>
   </div>
  </div>
 </body>
</html>
