3556 5664
535 522 630 566 meur
651 522 767 565 aurnuns
781 537 822 551 -
834 522 909 565 enee
929 521 1092 568 meramors
1391 512 1457 575 889¹
1501 570 1505 575 .

172 636 372 716 responderet
390 656 398 699 ε
418 642 497 716 pcto,
515 636 541 699 si
555 642 635 699 amet
651 635 796 710 musicen,
818 636 888 719 quid
910 642 995 700 tuml
1017 638 1162 702 Mentsius
1177 638 1219 702 ait
1236 656 1243 701 :
1261 639 1287 702 si
1302 654 1356 703 ren
1370 647 1452 707 amet

172 750 310 815 musicen
336 750 485 829 impense,
512 756 583 814 tunc
607 749 673 813 T‘si
699 765 839 831 regnum,
866 764 956 829 quum
979 751 1052 815 illud
1082 767 1173 831 prope
1201 753 1352 821 ordinem!
1385 752 1452 819 lilia

172 864 232 939 die,
250 863 389 929 invisens
411 863 556 931 blentsius
570 863 607 927 ad
623 878 737 945 regem,
755 862 797 925 ait
814 882 821 926 :
841 879 894 927 ren
908 863 1067 942 aliquando
1082 865 1231 929 allocutus
1246 866 1391 949 choang
1406 874 1452 930 tse

172 977 209 1040 de
230 992 337 1041 amore
361 976 502 1053 musices,
526 984 610 1040 estne
629 977 691 1040 ital
720 977 783 1040 lien
806 982 940 1040 mutatus
954 992 972 1039 a
987 978 1087 1042 colore
1101 978 1143 1041 ait
1161 998 1169 1041 a
1187 978 1314 1062 exiguus
1329 980 1376 1044 vir
1390 996 1451 1044 non

172 1106 299 1170 possum
316 1105 420 1155 amare
436 1090 568 1169 priorum
585 1106 691 1171 regum
708 1089 870 1166 musicam;
888 1106 992 1155 verum
1009 1106 1077 1155 amo
1093 1092 1229 1174 vulgaris
1244 1093 1344 1164 saeouli
1360 1093 1451 1161 musi·

173 1219 241 1271 cam
259 1200 319 1295 (l).
343 1203 449 1269 subdit
466 1224 474 1266 ε
493 1203 519 1269 si
534 1220 587 1267 rex
603 1209 683 1268 amet
698 1203 832 1271 musicen
848 1202 993 1283 impense,
1011 1210 1083 1268 tunc
1097 1205 1176 1281 Tui,
1193 1207 1249 1269 obl
1273 1222 1363 1286 quam
1378 1206 1454 1275 illud

173 1324 283 1399 prope!
311 1317 468 1397 presentis
490 1316 634 1397 temporis
656 1318 769 1385 musica
791 1317 895 1381 eudem
911 1332 947 1381 ac
960 1318 1146 1397 antiquitatis
1166 1318 1279 1383 musica
1297 1316 1352 1405 (2).
1375 1318 1450 1387 tit:

173 1431 307 1497 daturne
322 1446 386 1494 rem
402 1431 524 1497 audiret
545 1429 650 1493 Subdit
668 1450 675 1493 :
694 1432 776 1510 solus
799 1430 912 1497 musica
935 1430 1077 1512 gaudere,
1095 1432 1142 1496 vel
1158 1448 1227 1496 cum
1250 1432 1316 1499 aliis
1340 1433 1454 1497 musica

174 1544 324 1626 gaudere,
351 1544 531 1615 alterutrum
556 1543 780 1611 delectabilius?
800 1542 849 1606 dit
867 1563 874 1606 :
893 1543 966 1607 nibil
983 1543 1059 1608 sicut
1074 1560 1143 1608 cum
1159 1546 1226 1609 aliis
1240 1548 1299 1621 (3).
1322 1546 1451 1628 Pergit:

174 1674 244 1721 cum
261 1657 368 1738 paucis
383 1658 497 1729 musica
513 1658 656 1739 gaudere,
673 1659 719 1723 vel
735 1672 804 1723 cum
820 1657 923 1722 multis
937 1658 1051 1721 musica
1067 1659 1210 1740 gaudere,
1227 1659 1370 1739 quidnam
1384 1675 1454 1742 gru·

175 1771 256 1839 tius?
278 1770 329 1834 Ait
347 1791 355 1833 ε
375 1771 565 1834 molluscum
581 1771 693 1834 multis.
720 1770 861 1834 Subditus
875 1786 945 1853 eqo,
963 1770 1067 1849 inquit,
1094 1772 1216 1849 vellem,
1239 1774 1320 1855 regis
1341 1774 1452 1856 graba,

175 1884 278 1971 eloqui
297 1885 454 1948 musicam.
478 1884 508 1947 Si
520 1900 611 1959 nunc,
624 1899 696 1967 rege
708 1885 847 1964 pulsante
861 1884 1007 1947 musicam
1018 1884 1078 1961 bic,
1092 1887 1219 1967 populns
1233 1886 1357 1951 audiens
1372 1886 1455 1969 rogis

176 2013 396 2078 campanarum
414 2005 682 2081 tympanorumque
697 1997 840 2075 sonitum,
859 1998 1025 2061 fistularum
1042 1997 1241 2079 tibiarumque
1261 2005 1452 2076 concentum,
1518 2064 1521 2069 .

177 2128 287 2175 omnes
301 2112 422 2175 doleant
438 2112 545 2192 capite,
562 2112 742 2175 contrabant
764 2110 905 2185 frontem,
922 2116 952 2173 et
966 2110 1094 2174 invicem
1117 2112 1310 2177 admonentes
1325 2113 1426 2177 dicant
1443 2132 1452 2176 ι

177 2232 285 2290 noster
306 2241 360 2289 rex
381 2233 463 2291 amnt
486 2226 606 2305 pulsare
631 2224 792 2299 musicam3
815 2229 847 2289 at
866 2223 971 2301 ecquid
993 2223 1063 2287 lecit
1084 2240 1140 2291 nos
1160 2226 1316 2305 pervenire
1338 2227 1375 2290 ad
1397 2227 1456 2291 boe

178 2344 367 2402 extremum!
391 2345 491 2417 patres
504 2345 537 2401 ot
552 2338 604 2403 lilii
619 2354 678 2401 non
695 2342 799 2403 mutuo
814 2353 846 2400 se
861 2336 973 2412 vident,
995 2337 1103 2402 iratres
1117 2344 1149 2402 et
1163 2338 1282 2415 tratres,
1300 2354 1410 2407 uxores
1423 2347 1457 2404 et

179 2452 242 2517 nati
258 2452 406 2527 distructi,
424 2451 573 2531 dispalati.
592 2452 678 2526 Item,
692 2452 717 2514 si
728 2466 800 2533 rege
812 2456 938 2516 venante
948 2451 1008 2525 bic,
1020 2452 1148 2531 populus
1162 2452 1285 2517 audiens
1301 2452 1455 2534 regiorum

180 2581 327 2629 curruum
342 2580 546 2646 equorumque
562 2564 732 2651 strepitum,
750 2564 911 2641 vidensque
926 2571 1123 2643 pennatomm
1135 2566 1312 2629 vexillorum
1323 2565 1454 2647 pulchri·
1472 2558 1473 2561 ’

180 2678 330 2755 tudinem,
343 2694 448 2743 omnes
458 2679 569 2743 dolenti
580 2678 675 2757 capite
685 2686 715 2742 et
724 2685 863 2756 caperata
878 2676 988 2752 fronte,
1005 2685 1109 2743 mutuo
1124 2678 1318 2743 admonentes
1334 2678 1452 2743 dicant:

180 2797 287 2858 noster
307 2809 361 2857 rex
380 2799 462 2857 amat
480 2792 600 2867 vcnuri;
617 2796 649 2854 at
663 2791 768 2870 ecquid
783 2789 853 2855 lecit
868 2806 923 2855 nos
936 2790 1077 2855 devenire
1091 2792 1129 2856 ad
1145 2791 1315 2869 hujusmodi
1328 2791 1451 2857 incitas!

181 2913 326 2985 patreset
338 2905 389 2969 lilii
405 2920 464 2973 non
481 2905 655 2969 seinvicem
672 2905 780 2980 vident,
802 2903 910 2967 lratres
920 2909 951 2968 et
963 2903 1082 2980 tratres,
1100 2920 1210 2969 uxores
1224 2912 1254 2970 et
1269 2904 1354 2969 liberi
1370 2920 1454 2985 sepa·

182 3019 240 3082 rati
257 3018 384 3099 dispersi
400 3026 471 3085 sunt
488 3038 495 3081 :
514 3019 572 3085 lroc
586 3034 646 3083 non
661 3018 742 3081 aliud
762 3032 852 3096 quam
868 3002 927 3083 non
943 3032 1012 3080 cum
1027 3018 1137 3097 populo
1152 3017 1241 3083 simul
1257 3018 1399 3101 gaudere.
1423 3019 1456 3083 Si

183 3114 317 3196 econtra
333 3148 405 3214 rege
420 3133 557 3211 pulsante
573 3131 716 3195 musicam
732 3130 792 3205 hic,
809 3132 936 3209 populus
950 3129 1074 3193 audiens
1089 3130 1170 3212 regis
1185 3131 1323 3195 nolarum
1339 3137 1454 3213 tympa-

183 3260 353 3324 norumque
374 3261 493 3322 sonum,
518 3245 656 3308 tibiumm
678 3220 903 3322 fistularumquc
919 3258 1016 3319 voces,
1037 3259 1141 3307 omnes
1156 3243 1310 3307 ludibundi
1325 3244 1456 3308 babeant

184 3357 296 3422 laetitiae
311 3359 437 3434 vultum,
450 3366 483 3422 et
493 3358 619 3422 invicem
635 3363 859 3422 conunonentes
873 3357 973 3423 dicant
985 3376 992 3419 :
1006 3362 1108 3423 noster
1121 3373 1173 3420 rer
1186 3373 1284 3421 nonne
1299 3363 1456 3437 peroptato

183 3480 274 3537 vacat
287 3472 482 3555 egrotatione
492 3472 656 3535 etmorbol
672 3471 820 3550 quomodo
832 3485 919 3534 secus
931 3476 1031 3551 posset
1045 3471 1164 3552 pulsare
1179 3470 1344 3539 musicam?
1364 3471 1454 3550 Item,

185 3585 212 3648 si
228 3601 301 3667 rege
316 3592 443 3649 venante
456 3584 516 3661 hic,
530 3586 657 3664 populus
672 3585 795 3648 audiens
810 3583 891 3666 regis
906 3599 1048 3651 curruum
1064 3599 1267 3663 equommquc
1282 3585 1454 3664 strepitum,
1543 3584 1548 3591 ’

185 3699 350 3777 vidensque
375 3700 543 3778 plumamm
569 3699 805 3778 vexillorumque
830 3698 983 3774 decorum,
1005 3711 1109 3764 omnes
1128 3696 1295 3776 exhilarati,
1325 3697 1457 3763 babeant

228 4050 273 4130 (1)
294 4059 396 4120 &cole
409 4081 486 4120 usam
507 4060 653 4139 particulae
674 4060 767 4127 finalis
789 4040 846 4139 33
868 4061 1034 4141 plerumque
1057 4060 1115 4124 vim
1135 4058 1224 4124 habet
1244 4060 1457 4137 diminutivum,

188 4173 245 4245 viar,
259 4174 377 4247 muratel,
387 4177 565 4237 colurnanodo.

230 4276 275 4356 (2)
300 4263 334 4350 ὼ
354 4285 430 4347 valet
443 4264 500 4355 ᾗ.

231 4390 275 4467 (3)
299 4381 337 4462 ff
352 4376 410 4471 ἓ,
425 4403 527 4481 potius,
540 4402 642 4464 molins
654 4410 707 4465 ost,

205 4614 270 4727 ἢ)
288 4638 351 4714 Lm,
366 4643 472 4704 venun
820 4627 825 4721 l
939 4616 1015 4730 Ξ),
1030 4644 1259 4723 Nonagenaaivs.

192 4729 258 4837 (ἥ
285 4755 366 4831 Mao,
393 4754 532 4818 vexillum
557 4776 574 4818 e
600 4755 681 4819 bovis
707 4729 910 4845 mudel‘ffi
936 4757 1123 4834 Hm‚laettri
1139 4756 1174 4819 B.
1190 4758 1238 4820 76.
