3554 5642
509 469 606 515 carun
624 470 758 522 onmuurr
770 470 898 514 -nusu
917 470 1082 516 rosmunon
1369 457 1427 516 561

159 582 281 649 litterati
295 599 368 650 cum
384 583 523 649 draconis
537 583 657 660 vexillo,
675 583 804 663 praelecti
819 600 888 649 eum
903 585 1022 664 plumeo
1037 586 1124 669 signo
1140 581 1195 670 (1).
1218 586 1292 650 dum
1308 585 1428 666 praelec-

161 702 257 760 turnm
280 704 399 764 tessera
420 697 544 762 arcessit
565 696 641 776 septi
661 697 816 774 custodem
833 698 909 778 septi
923 699 1073 776 custodes,
1097 699 1234 764 morituri
1249 715 1305 764 nec
1319 700 1431 764 audent

159 810 299 876 accedere
318 829 327 874 ι
346 811 371 875 si
387 827 456 876 enm
471 810 670 875 litteratorum
685 816 797 875 tessera
812 819 977 876 arcesseret
998 813 1129 892 privatos
1151 813 1299 890 homines,
1323 811 1429 892 privati

159 924 309 1002 homines,
328 928 379 1005 qul
394 924 537 989 auderent
558 924 718 988 accederet
733 930 844 1003 quanto
863 940 937 1006 ergo
957 925 1056 988 minus
1071 925 1180 990 sicum
1195 925 1361 1006 insipientis
1376 926 1429 989 bo

159 1037 247 1100 minis
263 1046 380 1103 tessera
399 1044 531 1102 arcessat
551 1035 714 1116 sapientem
734 1037 851 1102 nrum?
871 1038 955 1103 Velle
970 1038 1070 1103 videre
1085 1039 1248 1119 sapientem
1263 1045 1294 1104 et
1309 1054 1369 1103 non
1386 1037 1430 1102 uti

158 1151 280 1231 proprio
304 1152 376 1229 ritu,
399 1155 447 1215 est
468 1150 590 1230 perinde
609 1164 645 1215 ac
665 1152 743 1215 velle
766 1150 853 1215 illum
876 1150 993 1234 ingredi
1009 1158 1039 1216 et
1053 1153 1208 1217 occludere
1229 1152 1273 1216 illi
1292 1151 1427 1231 januam.

158 1263 294 1344 AEuuitas
310 1265 358 1328 via
372 1271 430 1338 est,
447 1263 602 1328 urbanitas
621 1269 708 1344 porta
726 1269 783 1328 est.
802 1264 886 1328 Unus
901 1264 1020 1344 sapiens
1034 1272 1130 1345 potest
1145 1265 1227 1345 sequi
1245 1266 1322 1331 banc
1336 1265 1428 1343 nam,

158 1377 260 1460 egredi
277 1386 309 1442 et
324 1377 441 1461 ingredi
456 1378 513 1441 bac
529 1383 624 1457 porta.
653 1377 779 1441 carmen
797 1375 851 1444 (Η.
874 1374 944 1461 49.)
961 1377 1004 1442 ait
1021 1397 1028 1441 :
1050 1378 1170 1461 «regiae
1185 1378 1233 1441 via
1249 1379 1431 1443 assimilatur

158 1492 258 1567 molae,
276 1491 401 1572 ipsaque
416 1498 497 1556 recta
511 1491 589 1554 sicut
603 1490 729 1573 sagitta;
754 1498 911 1573 magnatos
926 1490 982 1554 viri
997 1507 1087 1571 quam
1103 1499 1271 1567 conterunt,
1289 1492 1431 1575 vulgares

158 1604 301 1669 bomines
310 1621 400 1686 quam
410 1604 574 1685 suspiciunt
587 1601 640 1688 (i).
650 1629 664 1660 ι»
676 1605 754 1668 Wan
765 1605 878 1686 tcbang
887 1604 929 1668 ait
940 1621 949 1666 ε
962 1603 1120 1670 muldeins
1135 1605 1276 1685 principis
1291 1607 1431 1671 mandato

158 1718 336 1795 accersitus,
353 1720 425 1799 quin
440 1723 611 1797 expectaret
625 1734 758 1795 currum,
775 1717 869 1782 inibat
882 1718 950 1782 iter.
974 1718 1004 1783 Si
1019 1719 1072 1794 ita,
1089 1734 1162 1800 ergo
1177 1717 1335 1784 Conlucius
1352 1720 1430 1784 male

158 1831 291 1914 agebat?
312 1832 472 1913 Respondit
490 1850 498 1894 ε
517 1829 675 1895 Goniucius
689 1838 826 1897 versatus
840 1831 870 1894 in
886 1831 1064 1914 magistratu
1081 1831 1209 1897 babebat
1228 1831 1430 1912 praefecturae

158 1960 284 2023 munus,
301 1952 332 2009 et
348 1953 468 2025 propter
483 1944 548 2024 eius
564 1944 780 2023 praefecturam
795 1943 1013 2009 accersebatur.

216 2058 249 2122 8.
273 2059 419 2124 Mentsius
433 2058 589 2137 alloquens
602 2058 681 2121 Wan
693 2058 806 2141 tubang
815 2057 857 2121 ait
870 2078 877 2121 :
891 2057 982 2121 totius
993 2058 1061 2141 pagi
1073 2058 1266 2139 probissimus
1281 2059 1430 2124 litteratus

159 2170 263 2235 statim
279 2173 336 2237 sibi
350 2171 459 2236 amicat
474 2170 565 2235 totim
580 2171 649 2253 pagi
665 2170 773 2251 probos
787 2171 933 2236 litteratos
945 2168 1005 2255 (3);
1028 2171 1119 2236 totius
1134 2173 1220 2255 regni
1235 2172 1430 2253 probissimus

158 2283 324 2362 litteratus,
347 2286 408 2365 jam
431 2284 486 2348 sibi
501 2284 610 2348 amicat
632 2285 723 2349 totius
738 2284 824 2367 regni
845 2283 954 2366 probos
973 2285 1134 2362 litteratum
1157 2285 1274 2367 imperii
1289 2286 1428 2366 probissi-

159 2412 228 2461 mus
242 2399 406 2475 litteratus,
428 2398 455 2462 is
471 2397 526 2462 sibi
547 2398 656 2462 amicat
677 2398 793 2478 imperii
815 2397 923 2478 probos
945 2398 1102 2463 litteratos.
1126 2400 1163 2463 lit
1179 2399 1353 2463 existimans
1373 2399 1429 2463 sibi

160 2511 293 2576 amicare
308 2513 423 2593 imperii
440 2511 548 2592 probos
569 2513 715 2576 litteratos
734 2513 865 2576 nondum
881 2510 1025 2588 sufficere,
1050 2512 1147 2577 adbuc
1161 2512 1251 2576 altius
1265 2514 1429 2577 ascendens

160 2625 261 2691 studet
286 2624 471 2706 antiquitatis
492 2623 661 2690 bominibus
678 2622 739 2709 (l);
763 2624 892 2690 recitans
912 2632 1012 2690 autem
1033 2641 1137 2690 eorum
1158 2625 1302 2702 earmina,
1324 2626 1428 2709 legens

161 2752 266 2804 eorum
283 2739 383 2816 libros,
405 2738 543 2805 ondttere
557 2738 633 2802 scire
647 2738 751 2819 quales
765 2738 901 2803 bomines
920 2737 1031 2803 inerint
1051 2740 1216 2819 poteritnea
1236 2738 1350 2803 Idcirco
1365 2745 1427 2803 stu·

160 2851 210 2915 det
223 2852 348 2919 illorum
362 2868 426 2917 aevo
443 2872 450 2916 :
468 2853 547 2933 quod
561 2859 608 2916 est
621 2851 712 2916 altius
726 2852 912 2917 ascendendo
925 2851 1086 2916 amicitiam
1098 2851 1236 2935 jungere.

218 2966 249 3031 9.
276 2967 342 3032 T‘si
358 2967 446 3031 sinen
462 2981 515 3030 ren
529 2964 727 3048 interrogarit
740 2966 777 3030 de
791 2965 877 3048 regni
898 2964 1052 3029 ministris.
1077 2965 1221 3030 lleutsius
1234 2965 1276 3028 ait
1293 2984 1301 3029 ε
1318 2981 1372 3030 rex
1390 2966 1428 3031 de

161 3079 341 3158 quibusnam
358 3079 502 3144 ministris
516 3078 703 3161 interrogati
724 3079 787 3143 Rex
802 3078 901 3143 subdit
917 3098 926 3142 ε
943 3092 981 3141 an
996 3078 1125 3143 ministri
1140 3093 1200 3142 uon
1215 3084 1285 3142 sunt
1299 3078 1427 3144 similest

160 3191 209 3256 llit
226 3212 235 3256 ι
253 3209 314 3258 non
330 3199 400 3258 sunt
419 3192 532 3257 drudes
548 3212 556 3254 :
575 3200 644 3255 sunt
659 3191 767 3256 nobilis
786 3191 1053 3275 consanguinitatis
1074 3190 1214 3269 ministri,
1234 3201 1304 3257 sunt
1318 3191 1427 3257 diversi

161 3306 352 3390 cognominis
366 3305 503 3371 ministri.
524 3306 587 3370 ilex
601 3304 644 3370 ait
660 3324 667 3368 :
684 3305 774 3369 velim
789 3305 976 3389 interrogare
990 3305 1027 3370 de
1041 3304 1235 3370 nobilioribus
1249 3304 1426 3388 mnsangui·

161 3420 226 3484 neis
241 3420 398 3484 ministris.
423 3418 585 3500 Respondit
602 3438 610 3482 :
628 3419 653 3482 si
668 3418 805 3499 princeps
819 3419 910 3483 babet
924 3433 1065 3500 magnam
1080 3419 1210 3498 culpam,
1232 3424 1304 3483 tunc
1319 3419 1427 3484 iaciant

161 3533 407 3612 admonitionem,
429 3538 460 3597 et
478 3534 505 3597 si
524 3532 632 3612 saepius
655 3547 722 3597 eam
745 3531 895 3596 iterabant
918 3531 989 3612 quin
1013 3532 1125 3608 audiat,
1151 3537 1223 3596 tunc
1246 3532 1427 3597 transierant

161 3645 227 3726 ejus
248 3647 437 3730 dignitatern.
468 3646 531 3710 ilex
552 3645 675 3711 confuso
696 3646 780 3709 vultu
803 3652 972 3710 mutatura
994 3624 1103 3710 colore.
1134 3644 1295 3725 Sequitur:
1316 3661 1369 3710 rex
1388 3660 1426 3710 ne

162 3760 294 3838 mireris,
318 3759 383 3843 regi
402 3759 600 3842 interroganti
618 3758 768 3823 subditum
788 3757 923 3823 subditus
938 3774 997 3824 non
1012 3759 1102 3823 audet
1115 3758 1186 3838 quin
1203 3773 1256 3838 per
1269 3760 1426 3824 veritatem

198 4012 252 4094 (1)
271 4020 389 4095 Privati,
413 4041 460 4082 eeu
483 4020 610 4080 noudum
633 4018 724 4079 iuncti
748 4018 1043 4092 manumittenti,
1068 4018 1119 4097 qui
1137 4019 1202 4098 jam
1224 4019 1427 4098 magistratum

161 4143 317 4217 mucul.

199 4239 249 4323 (π)
273 4226 315 4309 Ε
328 4257 412 4309 enac
425 4221 483 4307 ff.
505 4247 564 4309 Hic
576 4249 633 4321 vn,
646 4266 711 4324 que
724 4246 762 4306 uu
774 4245 940 4325 imperantis
965 4242 1081 4305 neuen
1096 4245 1206 4324 regnum
1219 4245 1305 4318 eunt
1323 4242 1424 4306 merda

160 4382 245 4427 meu
258 4361 438 4441 intelligitur,
452 4369 485 4423 ut
497 4362 639 4440 sapientes
655 4359 730 4419 vitm
743 4358 846 4420 referre
858 4358 956 4438 pooeil.

201 4467 249 4549 (lt)
271 4474 315 4537 Ut
328 4494 427 4537 eorum
439 4475 574 4535 eudemo
594 4473 726 4553 prodam
749 4472 813 4545 Quo
827 4489 893 4533 uero
906 4471 999 4550 magis
1021 4471 1122 4532 nescit
1135 4471 1270 4552 probitas,
1283 4491 1318 4532 eo
1330 4471 1424 4550 magis

161 4592 262 4653 eremit
275 4588 435 4669 proficiendi
448 4586 625 4667 desiderium

202 4694 247 4779 tt)
271 4679 314 4767 fl
327 4702 405 4766 ualet
418 4674 475 4762 X.
