3524 5652
552 510 649 554 emur
668 510 942 555 paemen—raes
960 513 1052 556 aaron
1372 500 1430 559 466

162 621 224 686 ait:
237 621 341 687 anima
357 622 438 698 illos,
454 624 570 687 attrahe
584 623 664 699 illos,
677 622 723 687 lae
734 622 824 705 trogi,
836 623 1001 701 tacrectos,
1018 625 1086 689 illos
1101 623 1218 705 adjura,
1234 625 1302 691 illos
1313 643 1430 707 promo·

162 752 199 801 ve
207 737 267 816 (l),
278 735 326 801 lac
335 742 481 816 utsponte
490 735 563 800 illud
573 743 782 816 assequantur,
794 737 961 817 iterumque
970 754 1149 819 prosequere
1159 747 1190 804 et
1199 742 1332 805 excitans
1342 741 1431 806 bene·

163 848 296 913 facillis.
321 850 449 914 Sanctus
464 849 509 913 vir
523 849 682 914 accurabat
702 851 843 930 populum
859 849 889 913 in
905 851 985 917 bunc
1000 852 1130 930 modum,
1150 860 1181 918 et
1196 853 1321 918 babebat
1336 854 1430 920 otium

162 963 289 1026 arandi?
307 962 384 1038 Yao,
401 963 478 1042 quod
490 978 548 1027 non
561 962 708 1027 inveniret
722 963 833 1040 dboen,
850 964 984 1028 uertebat
995 965 1049 1029 sibi
1060 967 1218 1044 auxietati;
1236 967 1336 1032 Gboen
1351 967 1431 1048 quod

162 1091 223 1140 non
239 1075 389 1141 inveniret
404 1076 452 1139 Yu
467 1083 498 1141 et
512 1077 575 1140 Kao
590 1092 658 1159 pao,
674 1076 809 1141 vertebat
823 1077 879 1141 sibi
894 1093 983 1143 curae
995 1099 1003 1143 :
1016 1079 1078 1158 qui,
1095 1081 1173 1160 quod
1189 1088 1310 1145 eentum
1323 1080 1430 1163 jugera

162 1203 222 1253 non
239 1190 448 1270 explanentur,
467 1189 556 1254 uertit
570 1189 625 1252 sibi
639 1204 741 1266 curae,
759 1190 891 1272 agricola
906 1198 961 1256 est.
985 1193 1103 1276 Largiri
1117 1193 1185 1257 aliis
1194 1194 1230 1259 de
1240 1208 1294 1257 sua
1306 1193 1431 1274 pecunia

162 1302 273 1367 dieitur
288 1301 492 1379 beneficentia,
510 1304 627 1367 erudire
642 1303 768 1368 aliosde
783 1304 928 1383 probitate
949 1306 1058 1372 dicitur
1080 1307 1216 1384 fidelitas,
1240 1314 1361 1387 propter
1374 1306 1429 1370 im·

163 1416 281 1496 perium
302 1416 436 1480 inuenire
458 1416 595 1481 bomines
609 1417 717 1481 dicitur
732 1418 902 1481 humanitas
916 1420 974 1496 (2).
996 1420 1110 1485 Idcirco
1125 1420 1160 1484 de
1175 1419 1300 1500 imperio
1320 1419 1431 1484 donare

162 1529 307 1609 aliquem,
326 1529 486 1606 laeileest;
504 1530 678 1611 ingratiam
698 1529 814 1611 imperii
836 1531 968 1597 invenire
991 1535 1154 1611 bominem,
1177 1534 1293 1599 dibiclle
1307 1540 1354 1597 est
1369 1534 1426 1611 (3).

162 1642 240 1707 llinc
255 1642 413 1708 confusius
428 1643 524 1708 aiebat
537 1663 544 1706 :
557 1659 647 1724 quarn
663 1659 791 1727 magnus
806 1644 870 1708 Yao
885 1660 979 1727 agens
994 1646 1172 1728 principem!
1195 1646 1298 1713 Solum
1320 1648 1430 1711 coelum

162 1763 387 1840 estnequam
411 1758 494 1821 solus
514 1757 579 1821 Yao
597 1757 732 1821 imitatur
752 1757 826 1821 illud
844 1777 851 1820 :
870 1765 931 1823 tam
947 1765 1050 1825 vastus
1064 1766 1098 1824 ut
1112 1761 1239 1841 populus
1254 1773 1314 1824 non
1330 1766 1431 1839 posset

72 1888 76 1897 “
163 1870 367 1935 denominare.
394 1870 535 1950 Princeps
550 1885 622 1934 sane
635 1870 753 1943 choen!
777 1877 859 1935 tanta
881 1874 1051 1938 excelsitate
1072 1874 1192 1940 tenebat
1212 1873 1383 1953 imperium,
1400 1880 1430 1938 et

163 1989 264 2047 tamen
274 1983 302 2048 ei
313 1999 372 2047 non
387 1984 556 2048 adherebat
572 1979 627 2067 (4)!
650 1985 715 2048 Yao
724 1991 755 2048 et
765 1985 864 2048 [iboen
881 1994 1019 2070 regentes
1034 1987 1203 2067 imperium,
1221 1986 1354 2067 nunquid
1369 2002 1429 2051 non

163 2095 313 2160 babebant
323 2112 382 2177 quo
392 2096 596 2176 impenderent
606 2114 693 2161 sunna
706 2097 854 2162 animum?
871 2098 1008 2164 Attamen
1019 2115 1078 2164 non
1089 2099 1297 2181 impendebant
1307 2099 1337 2163 in
1349 2099 1428 2182 agri·

164 2211 280 2275 cultura
297 2206 471 2295 (bl-ligo
485 2211 584 2275 audiri
599 2212 715 2291 aliquos
729 2227 799 2275 eum
814 2212 951 2277 Sinamm
968 2213 1111 2279 institutis
1125 2220 1257 2278 mumsse
1272 2212 1427 2290 barbaros,

164 2323 296 2388 nondum
310 2323 410 2386 audiri
425 2326 581 2403 quemdam
598 2330 745 2388 mutatum
755 2340 773 2387 a
784 2325 927 2389 barbaris.
951 2328 1034 2391 Tuus
1049 2328 1193 2410 magister
1207 2327 1323 2392 T‘cben
1339 2329 1430 2410 leang

164 2437 307 2502 oT‘ebou
319 2438 432 2517 proles;
449 2438 613 2503 delectatus
623 2438 743 2503 cheou
759 2439 846 2502 bucis
860 2439 1051 2520 Conluciique
1065 2441 1211 2518 doctrina,
1224 2440 1261 2504 ad
1271 2440 1428 2520 septentri-

164 2565 250 2614 onem
268 2550 391 2615 tendens
406 2552 519 2615 studuit
533 2551 683 2630 sapientia
693 2551 723 2614 in
735 2558 837 2617 centro
847 2553 962 2633 imperii
974 2551 1030 2637 (6);
1042 2560 1073 2618 et
1082 2553 1210 2619 borealis
1225 2553 1357 2637 regionis
1366 2560 1427 2618 stu·

163 2663 308 2741 dentium,
325 2664 456 2728 nondum
467 2665 594 2745 potuerit
608 2664 715 2743 aliquis
724 2665 810 2729 illurn
820 2672 981 2743 antestare,
993 2668 1102 2748 illeque
1112 2677 1177 2732 erat
1186 2684 1274 2747 quem
1286 2682 1428 2731 vocamus

163 2776 311 2860 insignem
334 2782 592 2859 praestantemque
613 2778 788 2843 litteratum.
816 2779 888 2854 Vos,
905 2780 1002 2859 major
1015 2780 1171 2860 minorque
1191 2781 1310 2857 tratres,
1332 2779 1428 2844 secuti

163 2890 234 2954 estis
249 2890 335 2955 illum
350 2892 464 2971 aliquot
477 2892 602 2956 decades
616 2906 763 2956 annorum
781 2911 789 2956 ι
807 2892 950 2976 magister
964 2892 1048 2971 obiit,
1065 2900 1095 2958 et
1109 2910 1146 2958 en
1163 2894 1263 2958 statim
1278 2892 1427 2957 defecistis

163 3002 199 3066 ab
213 3003 267 3067 illo
283 3001 338 3089 (7).
363 3004 441 3068 Olim
455 3004 595 3069 conlusio
617 3003 767 3081 defuncto,
789 3005 883 3069 tribus
904 3006 992 3070 annis
1007 3014 1085 3087 post,
1102 3007 1237 3087 discipuli
1255 3005 1427 3085 compositis

163 3116 287 3181 sarcinis
299 3117 361 3198 jam
374 3117 437 3198 jam
452 3118 586 3194 redituri,
604 3119 731 3199 ingressi
747 3127 818 3182 sunt
832 3119 993 3183 salutatum
1004 3121 1041 3183 ad
1051 3120 1109 3185 Tse
1121 3119 1201 3202 long
1213 3116 1269 3204 (8);
1281 3124 1311 3184 et
1322 3125 1426 3182 mutuo

162 3230 279 3294 obversi
289 3233 519 3312 complorantes,
531 3247 636 3296 omnes
644 3231 810 3295 amiserunt
819 3247 934 3308 rooem,
944 3239 1073 3313 tuncque
1081 3233 1200 3297 demum
1212 3231 1421 3313 repatriarunt.

161 3340 199 3406 bt
213 3343 272 3408 Tse
283 3344 365 3427 long
380 3361 535 3428 regressus
550 3343 680 3410 extruxit
694 3360 794 3408 oasam
804 3345 834 3409 in
845 3347 989 3425 parentali
1005 3361 1084 3426 area,
1105 3347 1245 3426 solusque
1260 3344 1426 3425 permansit

200 3588 245 3673 (2)
265 3602 336 3673 Qum
344 3611 440 3663 cetera
447 3603 503 3662 duo
511 3600 714 3681 complectitur,
726 3601 957 3679 quandoquidem
965 3620 1014 3679 per
1022 3600 1182 3679 hujusmodi
1192 3600 1322 3661 homines
1329 3611 1426 3680 potest

161 3716 313 3794 imperator
325 3715 539 3777 beneficentiam
553 3723 583 3775 et
596 3715 782 3774 eruditionem
795 3715 949 3774 extendere
961 3713 991 3773 in
1005 3723 1157 3794 presentes
1170 3723 1200 3774 et
1211 3714 1243 3774 in
1256 3722 1392 3793 posteros.

199 3821 245 3900 (a)
267 3805 308 3890 ἦ)
327 3807 363 3883 Λ
381 3805 421 3886 1]
439 3805 552 3902 ἦρι)
572 3804 665 3891 N
685 3804 726 3892 ss
746 3805 781 3881 Λ
799 3826 920 3900 :recole
941 3807 1170 3904 quaesiisti
1190 3837 1260 3887 nota
1278 3826 1424 3905 regiminis

158 3940 218 4020 jam
236 3941 308 4003 alias
321 3940 546 4020 explanavimus.
710 3934 718 3959 ‘

201 4047 244 4125 (4)
267 4032 308 4120 ss
322 4056 407 4116 tertio
422 4063 500 4127 tono,
513 4073 572 4114 non
585 4074 665 4115 seem
677 4053 803 4114 babebat
816 4073 850 4114 ae
863 4051 934 4111 nihil
947 4071 1014 4113 eum
1028 4054 1172 4115 attineret

201 4159 244 4237 (t)
266 4167 420 4230 Habebunt
433 4176 509 4227 oerte
524 4189 532 4227 z
546 4175 669 4242 tanturn,
688 4168 719 4226 in
732 4166 904 4227 inveniendo
917 4165 1042 4240 homine,
1062 4186 1121 4227 uon
1134 4167 1164 4227 in
1178 4166 1298 4226 colendo
1312 4185 1422 4246 agrum

162 4281 363 4362 impendebant
376 4301 447 4342 eum.
467 4278 571 4341 Recole
589 4282 643 4339 rim
659 4278 734 4341 illiue
750 4258 808 4340 Ε

198 4389 245 4467 (6)
266 4383 377 4455 T‘cbou
399 4401 461 4455 erat
474 4393 511 4453 ad
530 4394 693 4470 meridiem
715 4395 778 4455 ideo
790 4392 827 4453 ad
849 4394 1069 4473 septentrionem
1089 4393 1204 4454 tendere
1217 4391 1325 4467 debuit,
1345 4402 1378 4454 ut
1390 4394 1422 4454 in

159 4508 269 4588 imperii
280 4516 379 4570 oentm
392 4508 519 4568 maderet
531 4507 688 4586 sapientiae.

197 4612 244 4692 (7)
265 4599 308 4687 (ὅ
320 4631 406 4682 sonat
421 4596 471 4686 ff

199 4726 244 4808 (8)
264 4733 320 4807 Qui
333 4735 466 4815 exequutus
478 4744 634 4796 curaverat
