3554 5642
527 445 623 489 carun
643 444 761 487 saxrnnr
773 460 814 473 -
825 444 900 486 anae
918 442 1079 487 rememora
1378 433 1435 491 593

173 567 269 625 certus
279 561 322 625 sis
332 560 490 641 quadrare,
506 576 543 624 ne
553 558 668 637 privata
678 558 853 622 auctoritate
867 558 1027 622 interficias
1042 559 1199 638 primarios
1215 560 1367 639 praefectos
1377 557 1433 644 (i).

172 673 313 744 Quintum
329 679 476 737 statutum
491 671 588 736 aiebat
601 691 608 734 :
622 672 683 734 noli
697 671 873 750 detorquere
887 687 1016 754 aggeres
1027 670 1083 756 (ἲ),
1096 689 1133 737 ne
1143 674 1286 754 impedias
1300 689 1436 738 annonae
1487 752 1491 763 .

171 796 357 852 commeatus
376 786 437 864 (3),
459 785 569 849 nemini
594 785 714 850 feudum
739 783 875 849 conseras
899 785 971 866 quin
995 800 1189 865 praemonens
1212 788 1433 866 imperatorem.

170 900 249 962 Dixit
266 921 274 963 ε
292 915 400 965 omnes
413 915 469 962 nos
483 898 572 961 simul
588 898 722 963 ioederati
738 897 805 975 viri,
823 908 979 979 postquam
995 900 1087 962 ictum
1102 906 1147 963 est
1162 900 1269 976 ioedus,
1286 901 1332 980 eia
1350 901 1436 964 redu·

170 1027 274 1077 camur
283 1015 322 1079 ad
332 1011 521 1078 concordiam
536 1012 604 1089 (4),
618 1012 758 1077 Hodiemi
774 1014 872 1094 ragull
887 1028 991 1076 omnes
1005 1011 1117 1076 violant
1127 1028 1162 1077 ea
1172 1015 1302 1093 qunque
1316 1013 1436 1079 interdi-

169 1132 236 1189 cta:
252 1127 320 1192 ideo
330 1125 464 1191 dicebam
479 1124 638 1190 hodiernos
652 1126 773 1208 regulos
782 1125 814 1188 in
823 1126 954 1207 quinque
967 1126 1126 1190 archontes
1140 1143 1273 1206 peccare.
1292 1127 1438 1193 Grandire

170 1239 313 1320 principis
327 1239 401 1305 sida
414 1240 473 1320 (5),
490 1239 636 1318 ejusmodi
651 1241 739 1319 culpa
755 1238 866 1316 levium
883 1245 915 1305 at
929 1254 1086 1304 occurrere
1107 1241 1248 1321 principis
1268 1241 1360 1317 vitiis,
1378 1242 1437 1304 tale

169 1362 327 1431 peccalum
347 1367 439 1438 grave
454 1359 510 1417 est.
534 1353 627 1418 Porro
648 1353 784 1418 hodierni
805 1354 965 1433 toparchae
987 1368 1091 1417 omnes
1113 1360 1275 1434 provocant
1296 1353 1438 1435 principis

168 1465 240 1530 vitia
258 1487 265 1530 :
284 1468 351 1534 ideo
366 1465 499 1531 dicebam
516 1466 675 1532 hodiernos
692 1467 850 1546 toparchas
863 1468 895 1531 in
911 1467 1070 1531 hodiernos
1084 1469 1206 1550 regulos
1220 1484 1287 1533 esse
1302 1483 1380 1533 reos.

226 1581 258 1646 8.
283 1583 349 1647 Lou
369 1581 494 1662 regulus
510 1579 636 1645 'rotabat
657 1580 762 1660 iubere
787 1580 869 1645 Chen
888 1586 934 1645 tse
953 1595 1020 1645 esse
1040 1580 1250 1660 imperatorem
1275 1580 1435 1646 exercitus.

167 1695 316 1759 timasius
330 1698 373 1760 ait
390 1713 397 1755 :
415 1696 547 1760 nondum
563 1694 722 1759 educatum
738 1694 880 1774 populum
894 1693 956 1774 jam
970 1693 1057 1757 illum
1072 1695 1208 1773 educere,
1225 1695 1333 1760 dicitnr
1347 1693 1438 1759 exitio

167 1808 239 1873 dare
263 1811 410 1889 populum
426 1827 434 1870 :
453 1807 544 1872 exitio
567 1809 673 1873 dantes
696 1808 839 1888 populum
861 1824 921 1874 non
943 1807 1147 1872 tolerabantur
1161 1808 1192 1872 in
1212 1809 1277 1874 Yao
1291 1816 1323 1873 et
1336 1807 1437 1872 dhoen

167 1936 249 1986 aero.
282 1922 338 1987 Vel
353 1922 379 1985 si
393 1920 482 1986 unico
505 1919 645 1987 condictu
669 1921 808 1986 devincas
829 1921 907 1999 T‘si,
931 1921 1092 2001 statimque
1116 1923 1239 2001 potiaris
1257 1923 1323 1988 Nan
1342 1936 1434 2005 paug,

166 2040 238 2099 tunc
258 2035 353 2100 etiam
367 2049 427 2099 non
443 2034 543 2099 licehit
564 2030 619 2118 (6).
646 2034 727 2098 Ghen
743 2044 789 2099 tse
803 2034 890 2098 rultn
910 2034 1037 2099 adducto
1059 2035 1194 2100 tristatus
1208 2036 1250 2101 ait
1267 2057 1275 2099 :
1293 2037 1351 2101 hoc
1365 2049 1436 2100 rero

166 2148 245 2229 qnod
261 2164 323 2231 ego
336 2150 404 2214 Kou
418 2148 440 2211 li
456 2164 516 2214 non
529 2148 676 2231 intelligo.
700 2147 805 2212 subdit
819 2164 829 2212 ι
845 2163 902 2231 ego
916 2149 997 2212 clare
1011 2148 1142 2228 aperiam
1158 2150 1220 2214 tibi.
1245 2147 1437 2229 Imperatoris

165 2261 237 2327 ditio
247 2269 299 2328 est
308 2263 486 2342 quadratum
499 2261 584 2326 mille
598 2260 773 2337 stadiorum
790 2260 817 2324 si
827 2261 925 2326 minus
939 2260 1022 2324 mille
1031 2262 1206 2340 stadiomm,
1219 2279 1278 2327 non
1290 2262 1437 2327 sufficeret

164 2375 202 2439 ad
216 2375 411 2455 excipiendos
426 2375 547 2458 regulos
563 2394 571 2439 :
589 2376 763 2459 regulorum
778 2374 851 2439 ditio
864 2383 911 2440 est
925 2373 1103 2455 quadratum
1118 2383 1238 2440 centum
1253 2376 1434 2451 stadiornm;

165 2488 310 2553 dminus
324 2495 445 2555 centum
460 2489 624 2554 stadiorum
639 2504 699 2553 non
714 2488 861 2553 sufficeret
874 2489 912 2552 ad
927 2487 1111 2554 observanda
1130 2489 1279 2553 aritorum
1299 2488 1435 2553 delubro·

167 2617 233 2666 rum
247 2608 376 2666 statuta.
398 2602 473 2666 dum
487 2602 608 2668 Tcheou
622 2602 683 2665 dux
697 2602 817 2666 lendum
832 2600 989 2682 accepitin
1004 2601 1078 2679 Lon,
1095 2608 1160 2666 erat
1174 2603 1352 2682 quadratum
1367 2616 1435 2665 oen-

167 2721 230 2780 tum
245 2715 413 2781 stadiorum
432 2734 439 2777 :
458 2721 538 2779 terra
553 2714 675 2780 nimum
689 2722 755 2780 erat
768 2730 829 2780 non
846 2715 1004 2791 sufficiens,
1022 2721 1053 2779 et
1068 2721 1168 2781 tamen
1183 2713 1390 2781 continebatur
1403 2713 1435 2777 in
1497 2742 1501 2749 ·

166 2837 289 2895 centum
304 2829 419 2893 stadiis
436 2828 511 2893 dum
525 2829 594 2893 T‘ai
604 2829 665 2893 dux
674 2828 794 2895 tendum
809 2829 923 2909 accepit
932 2828 963 2892 in
977 2827 1055 2906 T‘si,
1072 2828 1162 2894 etiam
1177 2834 1243 2894 erat
1257 2828 1435 2909 quadratum

166 2951 288 3007 centnm
314 2943 495 3020 stadiorum3
520 2949 600 3006 terra
621 2942 743 3007 minime
763 2958 823 3007 non
844 2942 1018 3020 sufficiebat,
1039 2948 1070 3007 et
1089 2949 1189 3008 umen
1210 2940 1390 3007 consistebat
1403 2939 1435 3003 in

165 3065 289 3120 centum
311 3055 425 3121 stadiis.
453 3055 539 3120 Nunc
558 3056 621 3120 buu
641 3057 819 3135 quadratum
840 3062 960 3121 centum
982 3057 1145 3120 stadiumm
1160 3062 1207 3121 est
1220 3053 1433 3136 quinquiplica-

166 3174 241 3233 tum.
263 3170 314 3235 'ln
329 3176 445 3250 reputa,
462 3169 488 3232 si
503 3169 611 3250 aliquis
630 3169 793 3249 imperator
814 3174 986 3253 exurgeret,
1005 3175 1075 3235 tunc
1090 3185 1217 3251 regnum
1239 3170 1303 3235 Lon
1317 3172 1435 3232 essetne

164 3280 242 3349 inter
256 3298 295 3349 ea
310 3298 388 3364 quae
401 3282 604 3359 imminueret,
620 3298 659 3347 an
674 3299 746 3348 rero
759 3282 838 3348 inter
852 3299 888 3348 ea
902 3298 979 3364 quae
999 3288 1142 3366 augeret?
1163 3284 1293 3348 innocue
1315 3295 1435 3346 sumere

203 3534 251 3615 (t)
271 3544 425 3605 Serremus
447 3552 566 3618 statuta,
581 3552 614 3604 nt
626 3546 667 3605 sic
686 3544 803 3605 tandem
824 3545 976 3604 concordie
998 3543 1139 3605 subsistet
1161 3522 1204 3603 ’ἔ
1217 3544 1357 3623 partiaria
1380 3553 1434 3619 eet,

163 3658 329 3737 exprimens
350 3657 477 3735 aliquam
499 3659 601 3738 agendi
626 3657 812 3731 voluntatem,
826 3662 877 3733 eyia,
892 3658 1012 3734 inquam,
1027 3677 1119 3715 camus
1135 3659 1215 3716 arando
1229 3679 1239 3716 .·
1252 3658 1282 3716 in
1297 3658 1434 3719 Carmine

163 3771 269 3850 pluries
283 3772 414 3844 occurrit,
428 3778 459 3830 et
471 3771 557 3831 verbo
571 3748 613 3828 iffi
627 3770 766 3849 imprimis
789 3770 934 3831 adhaerere
949 3770 1029 3831 solet.
1052 3751 1093 3834 ’ἕ
1109 3751 1150 3829 ’ἓ
1166 3749 1207 3830 ’ἕ
1224 3748 1265 3828 ffi
1279 3773 1325 3850 eja
1337 3791 1434 3831 mone·

163 3884 209 3957 bo,
223 3883 270 3961 eja
284 3892 421 3955 revertar,
436 3865 477 3947 ’ἕ
491 3860 536 3943 ffl
552 3865 594 3944 Ξ
608 3858 649 3947 ᾗ
665 3902 764 3944 camna
786 3884 934 3964 decerpere
952 3882 1032 3944 iilam
1046 3901 1165 3943 morum.
1188 3881 1264 3945 Item
1279 3883 1377 3945 littera
1391 3861 1434 3942 ᾗ

163 3996 235 4057 nolet
245 3995 332 4057 initio
343 3997 420 4075 poni,
430 4015 494 4057 cum
505 3994 603 4074 aliqua
615 3997 848 4075 interrogationis
862 4004 940 4071 note,
950 4006 983 4057 ut
992 3997 1022 4056 in
1035 3997 1170 4057 Carmine
1183 4014 1258 4076 saepe
1273 3999 1366 4059 ridere
1380 4004 1432 4069 eet,

164 4089 206 4167 ᾗ
226 4089 265 4170 tid
283 4086 324 4170 Ζ
342 4087 657 4187 ideaquoidmodor
678 4090 721 4168 ἷΐ
738 4088 778 4171 ἢ
795 4089 832 4172 2
852 4091 1058 4188 fflatdeqno
1075 4110 1205 4189 cogitaui
1226 4086 1430 4176 ἴῖΐΰΜ

163 4223 216 4296 dic,
231 4223 375 4301 quomodo
388 4243 446 4283 non
460 4225 620 4302 gandeami

203 4327 250 4408 (5)
272 4335 473 4400 conniventia.

202 4440 252 4521 (6)
273 4448 356 4511 Chen
372 4459 422 4523 tae,
436 4470 452 4509 e
465 4450 566 4511 Tchao
581 4425 625 4513 ᾗ
639 4453 780 4525 oriundus,
799 4452 881 4530 regni
894 4451 959 4513 Lou
972 4451 1150 4526 administer,
1174 4452 1279 4531 peritur
1302 4451 1344 4512 rei
1356 4448 1431 4512 mdi-

163 4564 241 4624 taria
262 4564 333 4624 Nan
347 4581 436 4640 paug,
449 4565 583 4642 oppidum
596 4566 634 4625 ad
648 4553 712 4625 T‘ai
725 4565 830 4625 montis
843 4573 980 4639 ausuum,
994 4566 1049 4625 sub
1061 4567 1144 4644 mgni
1157 4554 1220 4626 T‘ei
1232 4565 1339 4625 ditione
1351 4572 1430 4642 erel3

164 4677 212 4736 aed
224 4697 294 4737 cum
307 4679 338 4736 in
351 4677 434 4755 regni
449 4676 511 4737 Lou
525 4679 619 4739 sinum
632 4680 830 4758 porrigeretur,
853 4679 916 4739 ideo
930 4677 1001 4739 illud
1013 4678 1066 4739 sibi
1079 4679 1241 4740 vindicandi
1265 4697 1346 4739 mena
1358 4685 1429 4739 erat.
