3572 5650
368 464 406 522 66
860 478 957 520 noran
983 480 1134 520 renarras

366 606 500 680 dicemus,
520 603 681 677 devenerat,
695 604 803 682 primus
816 603 898 662 tubus
917 604 1025 663 medius
1038 613 1099 665 erat
1112 614 1235 682 quatuor
1247 604 1406 684 palmorum
1420 627 1470 667 seu
1484 609 1565 668 unius
1578 629 1622 688 pe

365 718 419 791 dis,
432 722 527 796 gravis
540 726 602 777 erat
616 726 681 777 octo
694 715 863 796 palmorum,
876 724 977 777 acutus
990 736 1057 777 vero
1069 718 1189 778 duorum
1202 719 1367 797 palmorum.

407 832 482 891 Dein
495 831 642 893 duodecim
656 830 728 903 soni,
741 830 791 906 qui
803 828 886 889 simu]
905 831 1080 890 constituunt
1101 831 1179 892 velut
1198 851 1287 891 uuum
1300 833 1449 912 diapason,
1463 834 1546 895 divisi
1558 846 1622 896 sunt

365 945 397 1003 in
409 946 549 1026 periectos
564 919 603 1006 ᾗ
619 964 667 1004 seu
681 944 811 1020 impares,
824 951 855 1002 et
868 942 1045 1020 imperfectos
1062 918 1164 1004 &aaa
1177 963 1268 1022 pares,
1290 944 1387 1022 illique
1408 951 1502 1008 vocati
1518 923 1557 1011 ff
1574 927 1623 1021 ll,
1653 947 1657 955 ’

365 1057 477 1120 hivero
495 1036 533 1119 lss
553 1034 840 1131 Emathi&
866 1063 905 1115 ¹¹.

405 1174 477 1234 Mox
490 1182 523 1233 ut
537 1181 663 1251 systema
685 1168 881 1247 compleretur,
895 1188 996 1229 sonum
1009 1170 1203 1250 imperfectam
1225 1173 1349 1251 perfecto
1368 1175 1508 1249 unientes,
1524 1175 1625 1236 forma·

365 1295 434 1347 runt
456 1288 582 1365 quinque
606 1293 689 1344 tonos
712 1261 754 1342 fi
767 1259 820 1355 ἓ,
843 1279 922 1361 hung
934 1262 987 1356 Ξ,
1002 1283 1099 1363 chang
1111 1260 1163 1361 ᾖ,
1179 1284 1228 1345 kio
1244 1258 1295 1359 ἦ,
1311 1285 1376 1346 tohe
1389 1266 1442 1361 ᾗ,
1459 1309 1498 1366 yu
1513 1264 1565 1362 Μ,
1580 1309 1625 1349 seu

357 1404 411 1479 sc,
421 1403 469 1474 sol,
481 1404 518 1471 la,
529 1402 574 1473 do,
585 1421 623 1471 re,
633 1399 729 1474 eisque
737 1397 908 1456 addiderunt
916 1397 971 1456 duo
981 1396 1139 1458 hemitonia
1155 1382 1194 1453 Ξ
1208 1374 1351 1473 'ymnum
1362 1379 1405 1465 ss
1418 1379 1459 1463 ἶ
1471 1403 1538 1480 plen
1551 1400 1627 1480 kong

365 1533 415 1574 seu
430 1516 476 1588 mi,
489 1513 609 1574 alterum
623 1490 666 1576 fl
681 1490 724 1574 l&
738 1511 805 1589 pieu
825 1510 891 1568 tche
913 1530 963 1570 scu
976 1512 1009 1583 si,
1023 1519 1053 1571 et
1066 1512 1106 1571 sio
1118 1513 1212 1585 series,
1231 1514 1410 1592 diagramma
1422 1513 1627 1575 chromaticum

365 1629 551 1701 constituens,
561 1628 676 1687 reducta
689 1625 727 1684 ad
739 1630 845 1702 septem
860 1631 952 1696 tonos,
966 1626 1016 1701 qui
1028 1627 1204 1686 constituunt
1222 1628 1298 1706 apud
1311 1646 1364 1686 nos
1376 1627 1558 1708 diagramma
1569 1629 1628 1688 dia·

366 1748 475 1816 tonum,
489 1762 554 1800 eum
566 1741 746 1817 diagramma
758 1738 876 1796 diatono
889 1738 926 1796 sit
939 1746 1073 1797 notarum
1088 1741 1232 1800 successio.

408 1853 449 1914 At
459 1855 546 1933 juxta
559 1854 643 1914 Sinas
656 1854 748 1928 bosey
760 1851 859 1925 tcloep
871 1859 989 1927 generat
999 1851 1133 1929 diapente
1143 1855 1182 1911 liu
1195 1855 1301 1934 colony,
1313 1854 1360 1915 hic
1369 1863 1489 1933 generat
1498 1842 1551 1913 t‘ui
1560 1866 1628 1928 taos,

365 1970 416 2047 qui
428 1978 546 2047 generat
559 1989 616 2026 aaa
630 1969 678 2038 liu,
693 1966 740 2024 hic
754 1984 820 2023 vero
832 1964 885 2020 keu
894 1964 927 2037 ei,
938 1972 967 2023 et
976 1963 1023 2023 hic
1032 1965 1098 2025 dein
1109 1985 1169 2044 pap
1178 1968 1285 2042 colony,
1295 1970 1359 2029 etis
1369 1969 1485 2028 tandem
1490 1970 1553 2045 pei
1559 1971 1628 2046 pin:

364 2082 433 2141 hino
447 2092 554 2161 septem
569 2083 630 2141 toni
639 2081 723 2157 juxta
736 2077 929 2156 generationis
944 2078 1071 2137 ordinem
1085 2079 1214 2157 dispositi
1227 2090 1301 2155 sunt,
1307 2085 1352 2158 fa
1362 2083 1399 2140 do
1408 2084 1451 2140 sol
1461 2102 1492 2139 re
1506 2084 1536 2140 lc
1547 2084 1587 2139 mi
1595 2084 1628 2154 ai,

365 2204 395 2256 et
407 2197 502 2257 vocati
515 2205 622 2274 septem
637 2193 785 2273 principia.
808 2189 917 2261 Quibus
929 2190 1003 2250 adde
1016 2193 1141 2266 quinque
1150 2214 1168 2251 a
1178 2193 1249 2253 diesi
1258 2193 1473 2274 complementa,
1484 2215 1535 2255 seu
1542 2195 1630 2273 juxta

365 2310 458 2389 ipsum
471 2310 661 2389 generationis
671 2307 799 2367 ordinem
805 2273 1009 2384 saldoffsct
1017 2276 1189 2380 0premisl,
1204 2316 1233 2367 et
1243 2315 1335 2367 totam
1345 2308 1534 2368 oeconomiam
1546 2309 1632 2369 musi·

364 2443 411 2482 ces
426 2427 551 2501 antiquae
564 2423 690 2482 habebis.

406 2537 506 2599 Tenus
519 2534 661 2597 solitarius
674 2536 776 2593 dicitur
788 2511 840 2609 R,
854 2536 976 2594 sociatus
989 2536 1092 2594 dicitm
1103 2511 1155 2609 ἓ,
1169 2536 1253 2595 ambo
1265 2537 1391 2596 formant
1407 2535 1562 2596 melodiam
1579 2514 1630 2605 m,

364 2659 395 2710 et
406 2650 472 2711 inde
481 2625 668 2710 musicam}¹
684 2626 736 2708 lh
756 2648 872 2726 Septem
883 2649 945 2707 toni
955 2658 1074 2727 possunt
1086 2649 1237 2708 successive
1247 2649 1325 2709 reddi
1334 2670 1353 2709 a
1361 2648 1481 2729 singulis
1495 2649 1631 2722 modulis,

364 2774 394 2824 et
407 2765 447 2824 sic
460 2763 602 2825 habentur
616 2754 655 2822 Sl
668 2759 885 2834 modulationes,
898 2779 967 2837 quas
980 2763 1073 2821 reddit
1091 2763 1180 2822 sinica
1198 2760 1269 2838 lyra.
1298 2763 1382 2834 Quod
1400 2764 1437 2823 ad
1447 2763 1632 2824 harmoniam

364 2898 441 2950 vero,
455 2898 513 2936 non
527 2877 622 2949 aliam,
637 2897 722 2953 quam
737 2875 847 2952 antiqui
868 2872 970 2949 Graeci,
993 2876 1071 2938 Siuae
1083 2884 1285 2953 cognoverunt,
1306 2878 1415 2954 pinsere
1436 2876 1545 2938 scilieet
1558 2878 1633 2937 duas

364 2991 492 3066 chordas,
506 3011 570 3069 quae
583 2992 716 3069 diapente
729 2979 861 3064 (quinci
874 2987 918 3047 vel
932 2988 1105 3049 diatesseron
1118 2979 1262 3065 (quarte),
1276 2991 1397 3050 invicem
1411 2991 1633 3050 constituerent.

405 3104 448 3165 II.
469 3109 514 3165 De
534 3106 727 3163 instrumentis.
751 3101 825 3163 Octo
845 3121 979 3162 sonorum
1002 3104 1107 3180 species
1126 3100 1172 3162 vel
1189 3121 1208 3159 a
1221 3103 1373 3163 remotiore
1395 3103 1572 3181 antiquitate
1588 3103 1634 3163 Si·

364 3236 410 3279 nte
423 3219 623 3293 distinxerunt,
648 3216 747 3294 quibus
764 3215 913 3275 reddendis
937 3224 1070 3274 naturam
1084 3215 1203 3275 totidem
1225 3233 1329 3275 sonora
1349 3235 1467 3294 corpora
1489 3224 1636 3294 putarunt

363 3331 517 3404 eil'muisse²
541 3350 605 3408 quae
621 3329 727 3409 triplex
750 3328 938 3400 mineralium‚
962 3328 1142 3405 gignentium
1156 3336 1186 3387 et
1199 3327 1368 3388 animalium
1381 3328 1632 3407 genusreferunt3

364 3444 532 3523 principium
546 3445 633 3522 igitur
646 3465 662 3503 e
677 3462 794 3502 numero
816 3441 941 3500 ternario
956 3442 1099 3515 ducentia,
1122 3442 1150 3499 in
1167 3442 1394 3518 trigrammatum
1416 3461 1570 3502 numerum
1584 3445 1636 3503 de-

363 3558 462 3617 sinunt
477 3581 484 3617 ι
498 3567 563 3617 sunt
577 3566 672 3616 autem
686 3557 792 3615 corium
809 3525 860 3627 ῌ,
874 3574 975 3614 saxum
989 3533 1041 3625 ἦ,
1056 3554 1203 3614 metallum
1217 3531 1270 3627 fi,
1286 3562 1361 3615 testa
1378 3532 1427 3628 lli,
1440 3555 1565 3616 sericum
1581 3533 1636 3629 fl,

362 3669 473 3749 lignum
488 3651 541 3743 Vb,
552 3671 688 3731 bambuaa
701 3642 743 3729 ἢ
758 3678 787 3729 ct
798 3669 942 3730 cucurbita
954 3646 1008 3730 ἢ.
1032 3666 1080 3727 Ad
1091 3669 1198 3727 corium
1208 3669 1351 3744 pertinent
1360 3677 1500 3747 tympana
1515 3643 1581 3746 ᾗς
1597 3671 1638 3730 ad

362 3803 465 3844 saxum
479 3783 687 3862 chalcophonos
701 3755 744 3845 ἒ
752 3807 762 3861 3
785 3784 822 3842 ad
835 3781 982 3841 metallum
1007 3800 1154 3860 campanae
1168 3756 1227 3857 ἧς
1250 3781 1287 3841 ad
1300 3790 1406 3842 cretam
1426 3781 1563 3843 fistularis
1577 3792 1638 3844 tea·-

362 3896 426 3957 tula
441 3874 502 3973 153
524 3899 561 3957 ad
574 3898 691 3956 sericum
709 3896 793 3975 fides,
823 3897 860 3956 ad
874 3894 983 3972 lignum
1006 3894 1113 3954 modius
1135 3894 1315 3955 harmonicus
1329 3871 1383 3968 ἢ,
1408 3894 1490 3973 tigris
1512 3895 1638 3957 harmo-

362 4010 428 4069 nica
443 3988 488 4072 {ll
501 4018 530 4071 et
543 4030 724 4070 numerorum
746 4011 954 4083 moderatorem
973 4008 1011 4069 ad
1022 4008 1187 4069 bambusam
1202 4007 1306 4067 calami
1319 4016 1348 4067 et
1362 4009 1456 4088 tibiae;
1476 4008 1517 4068 ad
1530 4029 1638 4070 circur-

363 4123 455 4185 bitam
467 4123 567 4185 fistulae
582 4102 632 4187 Ε.
652 4123 674 4184 J
675 4144 722 4183 arn
735 4122 848 4202 singula
869 4141 1078 4201 prosequamur,
1100 4122 1201 4182 tabula
1214 4130 1317 4180 octava
1339 4122 1421 4182 nobis
1444 4121 1637 4201 praelucente.

403 4239 433 4295 1⁰
458 4237 642 4317 Tympanum
659 4236 810 4315 multiplex
822 4237 885 4296 fuit.

404 4347 538 4412 Oreteum
555 4332 594 4416 ll:
609 4325 662 4423 ff,
686 4354 786 4411 creteis
798 4350 904 4410 scilicet
918 4349 1081 4430 parietibus,
1101 4350 1154 4411 sub
1169 4348 1250 4409 Chen
1263 4368 1343 4429 nong
1355 4356 1526 4428 usurpatum
1543 4372 1552 4410 ε
1567 4351 1639 4412 ideo

361 4464 546 4543 supplicando
561 4463 737 4543 agriculturae
755 4462 895 4544 parenti(
907 4444 943 4521 ffl
959 4442 1022 4530 ᾗ)
1033 4465 1213 4524 inserviebat.

402 4574 543 4638 Pedatum
558 4557 600 4638 Ε
615 4550 668 4650 ff,
682 4576 735 4638 sub
748 4576 818 4651 Hie,
838 4597 941 4637 novem
955 4576 1040 4656 pedes
1053 4575 1180 4656 longum.

403 4689 527 4751 rnatum
544 4667 585 4750 h
599 4663 651 4764 h,
666 4689 846 4772 ondlang,
865 4689 1014 4753 enodem
1028 4691 1113 4770 pedes
1126 4691 1253 4769 longum.
