3672 5690
719 484 807 527 aranu
833 483 1039 534 moutartrraa
1458 471 1516 528 209

240 599 395 676 irascitur,
411 605 443 665 et
456 601 582 681 populus
596 600 682 663 timet
696 599 853 679 plusquam
868 596 963 661 eseias
977 603 1009 660 et
1022 612 1142 661 secures
1158 594 1214 682 (l).
1232 599 1358 663 (tarmen
1374 596 1444 684 (lv.
1461 600 1490 663 4.
1504 595 1514 682 )

241 713 306 777 ait:
330 738 344 769 u
362 729 423 778 porr
439 714 534 796 fulget
546 715 599 777 illa
612 713 720 787 virtus,
735 717 766 776 et
780 716 900 775 eentum
922 710 1020 793 reguli
1039 710 1102 790 jam
1116 710 1272 776 imitantur
1285 713 1390 790 illam;
1411 737 1425 768 »
1443 727 1515 791 qua·

242 834 364 907 propter
378 828 497 907 sapiens
511 828 603 892 solide
618 826 674 889 sibi
686 825 835 907 invigilat,
852 828 882 887 et
894 824 1053 903 imperium
1080 826 1290 904 tranquillatur
1306 823 1361 908 (Ξ).
1389 826 1515 889 Carmen

244 937 315 1024 (Ill.
334 937 386 1023 7.)
402 941 467 1004 ait:
488 966 501 996 «
517 957 565 1004 me
576 941 663 1020 Juvat
676 940 774 1004 nitens
786 938 895 1013 uirtus,
912 952 972 1001 non
987 936 1113 1001 efferens
1127 953 1231 1002 rocem
1246 955 1315 1002 eum
1330 941 1436 1014 rultu3
1453 964 1467 994 1>
1485 944 1516 1002 et

241 1054 388 1135 magister
401 1053 497 1133 iuquit
509 1073 516 1117 :
530 1054 621 1117 rerba
635 1060 666 1117 et
679 1053 804 1132 speeies,
819 1051 851 1114 in
864 1051 1064 1116 convertendo
1078 1052 1215 1131 populos,
1232 1052 1406 1116 secundaria
1420 1059 1513 1127 sunt;

241 1167 303 1231 imo
318 1167 373 1231 oda
390 1164 464 1250 (ΠΙ.
482 1167 535 1231 26.
549 1164 559 1251 )
575 1167 688 1231 habet:
708 1190 722 1223 u
741 1165 835 1228 uirtus
848 1164 924 1228 levis
937 1164 1015 1228 sieut
1028 1164 1125 1244 pilus;
1145 1189 1159 1221 a
1177 1171 1208 1227 at
1222 1166 1301 1245 pilus
1315 1166 1412 1229 adhue
1425 1164 1516 1227 habet

243 1280 492 1360 proportionem:
511 1279 584 1364 (ΙΠ.
604 1277 655 1365 1.)
685 1303 699 1335 u
716 1277 847 1358 supremi
868 1277 937 1342 eoeli
961 1278 1093 1358 operatio
1117 1278 1181 1342 sine
1203 1294 1277 1343 souo
1299 1280 1364 1343 siue
1389 1279 1480 1343 odore
1497 1302 1512 1333 r

244 1409 283 1457 en
298 1408 374 1473 apex
389 1390 444 1477 (3).

284 1744 330 1825 (1)
351 1727 392 1813 fi
407 1764 492 1815 sonat
509 1731 566 1829 ff,
590 1755 704 1834 spiritua
717 1762 874 1815 commotos
898 1755 1042 1816 attrahere
1056 1777 1064 1815 r
1077 1756 1212 1835 principia
1225 1758 1299 1816 inter
1311 1776 1392 1817 saara
1406 1755 1515 1816 silenti·

240 1887 303 1942 nm,
315 1870 447 1928 eflectum
460 1869 492 1926 in
505 1868 685 1929 adstantibus
699 1869 836 1946 producit.

283 1973 329 2052 (2)
350 1982 386 2041 In
400 1983 526 2042 carmine
548 2001 647 2041 aeneus
670 1980 742 2040 aliua
754 1990 797 2040 est
812 2004 819 2040 ε
832 1981 881 2040 hio
894 1983 987 2053 verba,
1007 1990 1039 2042 ut
1052 2001 1126 2060 saepe
1139 1982 1178 2054 fit
1192 1991 1363 2060 argumento
1383 2004 1516 2044 aocomo·

240 2096 356 2155 dantur.
371 2129 412 2140 -
424 2095 528 2165 solide,
544 2115 593 2154 seu
607 2101 810 2172 constanter-et
823 2094 1008 2172 aquabiliter,
1022 2103 1054 2154 ot
1069 2096 1119 2154 vix
1133 2095 1307 2155 advertatur.

283 2198 329 2273 (3)
351 2187 391 2268 U
403 2251 411 2281 ‚
425 2209 457 2267 in
469 2209 605 2279 carmine,
619 2208 697 2267 valet
711 2183 770 2279 Q,
785 2215 814 2267 et
829 2208 978 2284 antiquum
992 2216 1036 2267 eat
1046 2231 1053 2267 ε
1065 2184 1107 2265 i]
1115 2252 1124 2282 ‚
1138 2215 1278 2286 tanquam
1292 2209 1424 2286 gerundii
1435 2221 1516 2284 nota,

240 2323 273 2382 in
288 2302 331 2383 ii
346 2299 406 2395 U,
431 2341 500 2381 usus
521 2329 565 2381 eut
584 2320 758 2397 commonia3
781 2322 874 2396 quoad
892 2321 926 2379 td
945 2330 975 2378 at
995 2331 1137 2380 oonomtoa
1156 2324 1283 2400 populor.
1306 2300 1348 2387 ἢ
1364 2321 1440 2383 valet
1456 2302 1516 2387 ἶ.

242 2435 397 2497 Gradatim
406 2433 457 2494 hio
467 2434 654 2494 adumbratur
666 2433 813 2493 raoondita
827 2433 927 2494 Sanoti
940 2433 1082 2512 perfactio,
1093 2454 1183 2512 uaqua
1193 2436 1231 2495 ad
1241 2454 1384 2495 summum
1395 2438 1516 2515 apicem.
