3572 5650
716 484 851 527 sruorars
869 485 1025 528 mascaron
1481 473 1500 530 5

186 624 340 683 quornm
359 610 483 687 primae
498 616 566 681 tres,
588 607 714 667 omnium
729 606 934 679 celeberrimae,
955 628 1045 668 annos
1059 607 1246 687 perdurarunt
1262 610 1344 671 1057.
1362 611 1499 677 Primam,

188 743 281 800 qnae
317 725 385 783 aab
424 724 461 784 17
491 721 707 799 imperatoribus
734 721 813 781 stetit
841 722 924 780 anah
937 726 1004 792 458,
1031 722 1164 781 fundavit
1192 742 1311 799 magnus
1341 724 1397 794 Yu,
1425 724 1500 783 illius

191 836 341 896 Tchoan
355 838 416 896 hiu
434 855 473 896 ex
487 836 587 912 quinta
600 835 781 911 generatione
795 853 890 911 nepos,
911 833 997 894 Anno
1006 837 1079 895 sexti
1094 833 1165 911 cycli
1180 839 1228 907 40,
1244 837 1345 913 ingens
1358 837 1498 896 diluuium
1594 854 1596 859 ’

192 951 410 1011 novennales
437 949 502 1026 ejus
515 949 597 1025 aquia
617 948 769 1006 educendis
792 946 855 1005 Yao
874 948 1046 1025 praefecerat
1062 949 1145 1007 Koen
1160 924 1220 1024 Εἷς
1238 951 1287 1009 sed
1302 950 1364 1009 huic
1378 950 1499 1009 inertiae

196 1084 277 1123 snae
294 1084 441 1142 poenam
456 1063 551 1139 capite
564 1061 663 1130 luenti,
678 1079 746 1119 mox
757 1060 815 1137 ejus
827 1060 898 1131 filius
910 1059 956 1119 Yu
970 1062 1159 1133 substituitur,
1170 1063 1220 1136 qui
1229 1082 1365 1141 maguum
1381 1062 1497 1122 lluvium

173 1189 179 1197 '
201 1177 235 1235 in
246 1198 368 1237 norem
385 1177 492 1236 alveos
505 1176 634 1233 dividens
644 1168 656 1242 (
665 1174 727 1260 vide
738 1173 865 1233 tabulam
876 1179 936 1234 gam
944 1167 965 1246 ),
979 1176 1101 1250 sciteque
1114 1194 1204 1251 aquas
1217 1177 1247 1235 in
1259 1196 1336 1235 unare
1345 1175 1496 1248 deducens,

207 1296 245 1351 13
262 1311 371 1351 annos
388 1289 475 1368 operi
491 1288 610 1347 feliciter
630 1288 775 1363 impendit,
801 1297 941 1365 sceptrum
956 1307 1007 1366 pro
1021 1288 1129 1347 meritis
1143 1288 1319 1349 obtenturus.
1338 1290 1496 1364 Postquam

206 1405 290 1463 crrim
315 1404 408 1463 illum
434 1422 487 1479 per
510 1402 545 1461 17
567 1419 657 1460 annos
681 1399 777 1458 Choen
797 1401 826 1459 iu
841 1402 980 1481 collegam
1006 1402 1177 1472 adscivisset,
1204 1404 1426 1480 nonagenarium
1443 1403 1498 1461 sibi

208 1536 421 1577 successorem
444 1516 618 1592 designavit.
647 1514 701 1583 Qui
715 1513 786 1590 fuga
806 1535 836 1574 se
858 1517 1013 1595 proripiens
1033 1516 1064 1573 in
1078 1513 1201 1575 latebras
1221 1536 1281 1576 sese
1302 1516 1427 1577 abdidit:
1446 1516 1498 1574 sed
1560 1508 1563 1513 Δ

212 1651 231 1690 a
245 1632 393 1708 dynastis
410 1632 544 1690 detectus
561 1629 592 1686 in
612 1625 713 1686 solium
734 1616 839 1687 inritus
859 1639 973 1689 erectus
993 1638 1044 1689 est.
1072 1626 1206 1688 Eminuit
1224 1629 1254 1688 in
1274 1651 1307 1690 eo
1321 1628 1497 1689 admirabilis

215 1745 333 1821 ingenii
348 1739 490 1803 facultas.
513 1741 570 1801 Aes
583 1760 752 1817 campanum
762 1743 892 1819 suspendi
903 1742 987 1819 jussit
997 1743 1026 1800 in
1039 1740 1136 1820 palatii
1151 1744 1232 1813 atrio,
1247 1745 1284 1802 ad
1295 1744 1373 1820 cujus
1382 1741 1496 1820 pulsum

217 1877 284 1916 arm
299 1857 459 1915 auditurus
473 1853 567 1913 alacer
580 1852 752 1931 pervolabat,
773 1863 803 1912 ut
825 1853 977 1931 aliquando
992 1856 1073 1913 unius
1086 1855 1198 1931 prandii
1211 1864 1337 1933 tempore
1350 1855 1451 1925 decies,
1466 1864 1497 1914 et

219 1991 236 2030 e
256 1969 369 2029 balneo
392 1970 499 2029 itemm
520 1977 550 2027 et
570 1967 654 2026 tertio
675 1970 851 2044 procurrerit.
880 1968 988 2028 Vinum
1010 1968 1108 2039 vetuit,
1134 1969 1281 2028 inventore
1302 1971 1318 2028 I
1340 1971 1363 2027 ti
1384 1947 1424 2031 ff
1453 1943 1495 2025 vi

221 2084 380 2158 castigato,
392 2082 475 2159 quod
488 2100 527 2140 ex
538 2082 604 2139 rino
613 2099 658 2139 res
668 2099 777 2157 pessum
790 2081 826 2138 iri
839 2083 1018 2159 praediceret.
1038 2080 1120 2140 Inter
1133 2082 1193 2140 uias
1206 2083 1236 2141 in
1249 2102 1329 2142 reum
1349 2082 1497 2141 offendens

224 2195 429 2271 illacrymatus
442 2203 497 2266 est,
522 2193 573 2253 aab
587 2212 638 2253 suo
654 2193 792 2269 gubernio
806 2193 967 2255 hominess
988 2196 1079 2273 priore
1094 2194 1259 2271 integritate
1272 2196 1430 2255 descivisse.
1457 2196 1495 2253 In

225 2312 244 2368 9
257 2309 425 2386 prorincias
439 2326 536 2367 rursus
553 2306 703 2383 imperium
717 2304 813 2365 divisit
826 2296 879 2379 (1),
906 2317 1049 2368 annotans
1071 2308 1172 2383 cuique
1186 2308 1288 2366 ditioni
1301 2328 1442 2385 quaenam
1457 2327 1495 2367 ex

225 2425 265 2480 28
279 2420 552 2481 constellationibus
565 2421 742 2495 respondeat,
761 2430 790 2478 et
801 2423 819 2480 9
830 2440 918 2481 aenea
932 2442 1008 2493 rasa,
1029 2441 1151 2497 maguae
1163 2419 1255 2491 molis,
1269 2424 1378 2498 mappis
1387 2419 1496 2497 figuris·

225 2554 285 2610 que
313 2536 463 2611 inscripta,
499 2533 618 2593 veluti)
648 2534 855 2609 provinciarum
886 2545 1078 2605 monumenta,
1111 2535 1195 2592 (luxit
1217 2533 1333 2594 :multa
1352 2534 1440 2595 etiam
1458 2535 1495 2594 de

226 2647 406 2723 agricultura
428 2647 604 2724 conscripsit.
627 2646 709 2703 Vixit
729 2647 813 2705 arinis
829 2652 884 2707 100
912 2668 1001 2725 usque
1023 2633 1181 2707 adaunum
1199 2646 1234 2704 A.
1258 2646 1291 2705 Ο.
1306 2651 1397 2707 2208:
1417 2648 1494 2707 solus

226 2761 365 2835 regnarit
385 2761 471 2819 annis
494 2765 541 2832 10,
565 2759 749 2837 neglectoque
771 2758 828 2819 lilio
851 2761 891 2820 Ki
915 2740 964 2833 ᾗ,
993 2762 1115 2819 moriens
1136 2779 1323 2822 successorem
1348 2760 1494 2837 proposuit

226 2874 477 2950 sapientissimum
500 2872 543 2934 Pa
564 2875 575 2932 i
598 2847 636 2930 lfl
665 2850 717 2931 ἃ
746 2872 804 2933 Sed
825 2872 914 2934 filiurn
936 2874 986 2947 Ki,
1018 2884 1050 2932 nt
1070 2880 1131 2932 erat
1153 2875 1289 2933 virtutum
1310 2883 1493 2950 paternarum

227 2985 338 3057 haeres,
359 2995 389 3044 et
404 2988 517 3063 paterni
531 2986 641 3064 imperii
653 2985 803 3045 haeredem
819 2987 959 3063 dynastae
973 2987 1145 3066 populusque
1160 2987 1319 3058 volucrunt,
1345 2996 1375 3046 et
1388 2987 1494 3046 exinde

227 3098 333 3158 electio
347 3100 553 3176 imperatorum
566 3101 595 3158 in
609 3098 827 3159 haereditariam
842 3102 1045 3161 comessionem
1059 3100 1180 3159 transiit.
1196 3100 1236 3158 Ki
1245 3101 1397 3177 prudenter
1406 3108 1436 3157 et
1445 3100 1493 3176 pie

227 3212 374 3289 publicam
405 3232 466 3271 rem
490 3214 608 3290 digessit
636 3222 696 3272 :at
716 3212 777 3289 ejus
796 3211 870 3273 filius
892 3202 957 3273 T‘ai
977 3203 1068 3291 lr‘ang
1105 3189 1206 3276 stiffi
1231 3214 1268 3272 ab
1288 3213 1366 3272 avita
1386 3213 1493 3273 virtute

226 3326 366 3401 descivit3
396 3326 472 3398 rino,
495 3325 632 3397 licentiae,
662 3327 806 3385 venationi
826 3327 936 3387 deditus
964 3328 1151 3387 indecenter:
1172 3327 1291 3404 populus
1311 3326 1491 3402 querebatur,

226 3440 354 3497 ministri
375 3439 580 3513 admonebant,
602 3441 651 3499 sed
664 3440 764 3498 fmtra.
789 3439 920 3500 Tandem
934 3442 1087 3501 venatoriis
1108 3439 1318 3499 excursionibus
1331 3438 1492 3515 indulgenti

226 3552 336 3612 reditas
357 3551 554 3630 intercipitur:
586 3562 737 3612 accurrunt
757 3553 795 3612 ad
816 3554 947 3612 nuntium
980 3556 1104 3629 quinque
1126 3553 1236 3626 fratres,
1256 3553 1434 3631 potissimum
1457 3562 1491 3612 ut

225 3674 361 3737 matrem,
399 3685 472 3742 quae
493 3667 692 3744 imperatorem
713 3666 863 3725 subsecuta
883 3665 984 3739 fuerat,
1022 3666 1192 3726 incolumem
1215 3667 1398 3725 reducorent:
1423 3664 1491 3723 hinc

222 3779 355 3855 quinque
379 3778 503 3838 fratrom
527 3780 669 3838 canticum
684 3780 713 3837 iu
738 3777 895 3838 Annalium
917 3777 990 3839 libro
1010 3778 1137 3840 relatum.
1170 3777 1210 3837 At
1224 3780 1378 3857 imperator
1391 3786 1490 3854 captus

221 3892 311 3969 longe
341 3913 361 3951 a
384 3892 468 3969 regia
496 3892 658 3965 custoditur.
695 3893 806 3969 ejusque
831 3891 894 3951 loco
921 3892 1010 3952 frater
1046 3893 1169 3969 Tchong
1190 3879 1279 3969 lr‘ang
1311 3865 1349 3955 {ss
1384 3866 1425 3953 ᾗ
1451 3892 1489 3950 ad

219 4006 325 4066 sotum
342 4014 475 4066 erectus.
499 4005 643 4065 Subsecuti
656 4006 806 4065 duodecim
820 4007 1012 4083 imperatores,
1037 4005 1176 4082 usquead
1191 4025 1308 4065 exosum
1324 4004 1360 4063 Ti
1374 4003 1423 4064 irie
1449 3985 1491 4068 'lii

219 4100 274 4191 ff,
297 4120 337 4178 Li
352 4119 424 4179 koei
442 4091 484 4180 fi
499 4093 539 4181 ἓ
552 4120 638 4178 etiam
652 4119 777 4195 dictum3
798 4119 845 4195 qui
860 4128 1000 4195 tyrannus
1012 4126 1042 4178 et
1054 4118 1181 4191 lascivus,
1203 4119 1316 4195 magnis
1325 4119 1489 4193 ceteroquin

218 4244 348 4294 naturae
363 4231 488 4293 dotibus
502 4233 663 4305 instruetur,
677 4233 768 4310 iisque
778 4232 902 4310 corporis
915 4233 1019 4292 viribus
1033 4240 1066 4291 nt
1075 4231 1177 4291 fenum
1191 4232 1326 4321 manibus
1335 4229 1489 4307 frangeret,

212 4369 343 4428 regnum
358 4347 444 4426 cepit
459 4365 539 4405 auno
550 4344 586 4404 Α
599 4343 630 4404 (l.
644 4349 727 4419 1318,
742 4354 772 4405 et
786 4353 850 4425 post
863 4348 901 4404 52
916 4365 1007 4405 annos
1020 4345 1124 4404 amisit.
1139 4343 1226 4405 Anno
1235 4346 1312 4404 enim
1321 4345 1430 4423 imperii
1443 4345 1488 4403 sui

242 4580 295 4661 (1)
331 4585 411 4646 Vale
426 4582 553 4640 ἰαῠιιὶαπι
569 4581 635 4653 lam,
664 4603 745 4659 qaam
762 4602 823 4640 cum
837 4581 924 4640 trihus
935 4582 1105 4658 sequentibus
1118 4600 1151 4639 ce
1164 4581 1303 4657 imperiali
1314 4580 1429 4639 editione
1443 4561 1485 4641 Ε

200 4684 243 4766 tt
263 4684 309 4767 ἢ
330 4674 379 4762 Ξ
400 4695 608 4772 amaran.
