3574 5664
566 472 662 517 curua
681 471 783 516 uouuar
795 473 925 516 -rans
944 474 1033 517 rsron
1376 460 1433 520 351

167 585 253 652 Nunc
269 592 302 650 tu
319 586 479 667 tranquille
493 584 582 663 iuras,
599 601 673 670 ergo
687 585 779 650 iacias
792 586 867 651 illud
884 584 939 671 (l).
962 587 1032 651 Tsai
1046 603 1108 670 ogo
1123 603 1258 670 egresso,
1276 588 1435 654 iloniucius

167 698 369 764 exclamavit:
385 700 432 765 Yo
447 699 503 764 iste
516 715 576 764 oon
592 704 638 764 est
653 700 728 780 pius.
753 699 845 763 Pilius
859 707 948 765 natus
962 707 1024 765 tres
1038 716 1141 779 annos,
1163 707 1234 766 tunc
1248 703 1367 767 demum
1383 704 1433 767 ab·

167 812 340 878 strabiture
350 813 443 895 patris
452 812 614 894 matrisque
624 813 707 890 sinu;
720 813 790 876 binc
803 812 921 877 thennii
930 815 1040 891 luctus,
1052 814 1436 895 estimperiocommuniter

167 925 296 989 usitatus
313 928 422 991 luctus.
445 925 493 989 Yu
508 925 635 990 habetne
649 926 741 989 trium
756 941 902 990 annorum
917 942 1050 992 amorem
1065 928 1095 991 in
1111 943 1182 992 suos
1198 934 1358 1008 parentes?

224 1040 279 1104 21.
298 1039 498 1119 Philosophus
508 1040 549 1103 ait
561 1058 569 1103 :
582 1040 619 1102 ad
629 1038 795 1104 satietatem
811 1040 998 1109 comedentes
1013 1047 1107 1106 totam
1121 1041 1212 1117 diem,
1224 1042 1295 1122 quin
1307 1043 1436 1107 habeant

167 1152 214 1218 cui
229 1153 382 1234 applicent
406 1152 550 1229 animum,
573 1153 667 1234 pmbt
685 1158 796 1232 quanta
810 1152 1001 1232 implicantur
1020 1153 1205 1219 difficultatel
1234 1153 1273 1218 ht
1287 1171 1359 1218 num
1374 1172 1435 1221 non

168 1267 279 1331 babent
295 1267 374 1332 talos
388 1272 419 1331 ct
432 1270 576 1347 scruposa
591 1267 647 1332 hos
661 1267 769 1330 ducere
783 1266 882 1331 adbuc
895 1266 1058 1348 sapientius
1072 1283 1162 1346 mam
1177 1267 1325 1332 abstinere
1342 1265 1398 1353 (2).

224 1378 278 1445 22.
304 1380 364 1444 Tse
378 1381 429 1445 iou
443 1377 485 1443 ait
502 1399 510 1442 ε
528 1378 645 1460 sapiens
667 1394 765 1443 nonne
787 1379 899 1459 primas
914 1380 964 1443 dat
979 1380 1166 1444 tortitudini?
1193 1381 1351 1445 conlucius
1374 1398 1436 1446 res·

168 1492 271 1574 pondit
289 1511 298 1556 t
317 1494 436 1574 sapiens
457 1491 604 1572 justitiam
625 1493 714 1557 habet
733 1492 775 1556 uti
796 1492 923 1573 primam
940 1513 948 1558 ε
965 1493 1110 1577 dignitate
1125 1494 1271 1570 endnens,
1296 1495 1437 1575 praeditus

169 1606 275 1673 mbore
290 1606 358 1671 sine
365 1606 492 1687 justitia,
504 1605 562 1670 erit
571 1606 760 1672 turbulentus
773 1625 781 1670 ε
796 1606 931 1687 privatus
945 1607 1047 1685 homo,
1066 1606 1179 1673 babens
1192 1607 1282 1673 mbnr
1291 1614 1321 1673 et
1331 1624 1437 1673 mneos

167 1720 292 1800 justitia,
312 1719 372 1786 erit
386 1721 473 1786 latro.

225 1833 280 1899 23.
304 1834 364 1898 'i'se
379 1834 461 1916 long
475 1835 517 1897 ait
533 1853 542 1896 ε
559 1834 677 1914 sapiens
697 1834 826 1898 etiamne
840 1833 930 1899 babet
944 1835 1166 1900 aversationes?
1192 1834 1350 1900 Goniucius
1365 1836 1407 1899 ait
1425 1855 1433 1899 :

169 1946 258 2014 babet
281 1947 486 2012 aversationes
509 1966 517 2010 ε
542 1954 698 2011 aversatur
721 1946 911 2029 divulgantes
937 1947 1064 2012 aliomm
1089 1948 1184 2024 mala;
1208 1954 1364 2012 aversatur
1385 1950 1437 2030 qui

169 2060 325 2126 constituti
338 2060 440 2126 indma
456 2059 635 2138 conditione,
647 2065 746 2125 minen
758 2059 924 2125 obtrectant
939 2060 1157 2140 superioribus
1174 2070 1330 2126 aversatur
1344 2061 1438 2127 tontes

170 2175 219 2255 qui
234 2182 359 2240 caream
373 2173 530 2250 civilitate3
547 2179 703 2238 aversatur
716 2172 861 2252 intrepide
876 2175 1030 2261 audentes,
1051 2174 1102 2255 qui
1122 2174 1182 2240 sint
1196 2175 1296 2241 animo
1315 2175 1432 2241 obtuso.

170 2288 246 2352 'dnm
261 2287 383 2371 pergit:
399 2294 445 2365 tu,
467 2287 515 2363 Se,
533 2303 605 2351 num
620 2292 762 2367 praterea
777 2287 869 2351 babes
883 2303 958 2367 quos
973 2288 1140 2353 averseris?
1162 2286 1304 2365 Aversor,
1326 2288 1435 2368 inquit,

171 2401 221 2481 qui
234 2402 314 2466 aiios
329 2401 497 2481 explorant,
518 2400 549 2463 id
562 2400 705 2466 ducentes
725 2400 904 2479 pmdentie;
920 2416 1043 2466 aversor
1062 2402 1113 2481 qni
1127 2417 1187 2467 non
1202 2402 1322 2478 cedunt,
1346 2401 1376 2466 id
1391 2418 1436 2467 re·

171 2521 313 2595 putantes
332 2514 551 2592 tortitudinem3
572 2528 694 2578 aversor
713 2513 763 2594 qui
783 2514 899 2578 occulta
917 2514 1131 2595 exprobrantes
1150 2514 1181 2579 id
1200 2515 1371 2581 existimant
1392 2517 1437 2581 in·

173 2628 369 2710 genuitatem.

228 2740 283 2807 24.
308 2740 506 2822 Philosophus
517 2741 559 2805 ait
571 2760 579 2805 ε
592 2740 779 2807 solummodo
794 2739 936 2805 subnuba
950 2742 1056 2821 puella
1070 2747 1160 2822 atque
1174 2741 1287 2807 servitii
1301 2742 1439 2808 honines

173 2861 240 2919 sunt
260 2860 391 2919 tractatu
411 2853 542 2920 dudum
558 2874 566 2919 :
585 2855 611 2918 si
630 2854 750 2935 propior
763 2853 836 2933 ipsis
854 2854 989 2931 accedas,
1014 2861 1085 2922 tunc
1103 2870 1162 2920 non
1177 2855 1394 2936 obsequentum
1411 2856 1439 2921 si

173 2966 262 3050 longe
278 2966 321 3032 sis
336 2967 408 3041 iliis,
426 2973 496 3032 tunc
510 2967 753 3050 indignabuntur.

229 3081 285 3146 25.
309 3080 507 3160 Philosophus
521 3081 563 3145 ait
579 3100 587 3146 :
605 3080 657 3162 qui
671 3088 757 3146 etate
772 3081 1027 3164 quadragenarios
1041 3081 1139 3147 adbuc
1153 3082 1297 3147 habeatur
1309 3082 1436 3161 invisus,

172 3193 214 3257 iili
230 3194 351 3261 linitum
365 3201 411 3259 est
424 3194 486 3274 jam
507 3190 562 3279 (3).

592 3420 716 3497 PARS
744 3421 1021 3499 Posuumou.

230 3653 264 3716 1.
289 3651 358 3715 Wei
377 3651 548 3717 licecumcs
567 3650 636 3714 inde
653 3651 798 3729 discessit,
820 3652 859 3715 Ki
873 3651 1045 3717 l‘icecomes
1063 3653 1159 3718 iactus
1179 3659 1225 3717 est
1245 3654 1438 3734 mancipium,

173 3766 206 3829 Pi
220 3766 283 3830 kan
298 3764 441 3845 corripuit
455 3770 486 3829 et
500 3764 616 3829 occisus
630 3770 687 3829 est.
710 3763 868 3829 doniucius
882 3765 924 3829 ait
940 3785 948 3829 :
966 3765 1014 3830 Yn
1031 3766 1135 3830 habuit
1150 3772 1211 3831 tres
1226 3784 1304 3832 vcra
1320 3767 1441 3832 virtutis

174 3894 268 3945 varos.

213 4249 261 4329 (2)
283 4257 462 4320 Calauiorum
475 4256 552 4320 lusus
565 4257 670 4338 duplex
684 4259 760 4337 apud
774 4259 917 4332 Sinensea,
938 4278 1098 4338 scmpomm
1113 4237 1175 4329 (ᾗ
1195 4240 1234 4320 lff
1247 4251 1268 4334 ),
1282 4268 1312 4321 et
1330 4259 1440 4320 latrun-

175 4373 305 4434 culorum
325 4345 472 4443 (Ml
486 4393 494 4431 ι
507 4371 580 4431 alter
599 4374 655 4433 361
677 4374 793 4450 scrupis,
815 4370 889 4432 alter
909 4374 946 4431 32
965 4370 1132 4433 latrunculis
1155 4380 1276 4433 constat.
1308 4371 1441 4434 Talarius

176 4496 273 4547 autem
288 4486 366 4545 lusus
379 4485 537 4563 antiquitus
549 4486 698 4545 dvrodecim
709 4484 775 4545 talis
784 4485 990 4558 conficiebatur,
1003 4487 1094 4564 iisque
1104 4485 1240 4565 figuralia,
1254 4505 1372 4563 quorum
1387 4506 1438 4545 sex

177 4600 234 4661 albi
244 4600 418 4677 totidemque
428 4599 502 4677 nigri
513 4616 582 4661 :aex
593 4598 781 4676 unusquisque
791 4599 926 4677 jaciebat,
940 4598 1063 4678 hincque
1074 4577 1116 4659 7²3
1132 4574 1260 4663 lfilnsus
1270 4598 1437 4677 appellatus

214 4705 264 4785 (s)
283 4693 323 4778 E
339 4721 409 4773 nota
422 4713 537 4792 passivi.

254 4844 279 4888 11
1320 4826 1358 4882 45
