3672 5690
358 883 665 1008 MEDII
721 885 1417 1031 AEQUABILITAS.
1495 1071 1505 1088 υ

316 1250 364 1298 Hie
374 1249 445 1309 liber,
456 1265 472 1296 a
481 1250 584 1299 tenendi
593 1251 671 1299 medii
682 1248 805 1299 ordinaria
812 1251 987 1311 constantique
996 1250 1050 1309 lege
1060 1250 1202 1310 inscriptus,
1212 1253 1337 1298 auotorem
1345 1249 1419 1297 habet
1436 1250 1482 1297 Tse
1493 1263 1519 1297 se

258 1340 299 1425 :f
314 1345 446 1429 Ram
456 1380 491 1425 yn
517 1337 555 1422 {fl
579 1338 619 1426 ,ᾗ
644 1365 759 1412 Contueii
768 1363 821 1410 filio
830 1363 995 1423 progenitum,
1012 1366 1039 1410 et
1055 1363 1171 1423 primitus
1182 1361 1319 1410 Memoriali
1336 1362 1441 1410 Rituum
1457 1362 1519 1411 item

255 1484 418 1534 inurebatur.
443 1484 505 1542 Ejus
514 1482 629 1543 periooha
649 1484 758 1542 quatuor
774 1479 948 1539 eomplaotitur
964 1482 1055 1539 partes.
1072 1479 1163 1537 Prima,
1177 1479 1278 1527 initium
1293 1479 1385 1527 iaciens
1395 1496 1410 1527 e
1419 1483 1518 1537 natura,

255 1612 332 1657 quam
342 1595 430 1643 omium
441 1594 536 1642 hornini
546 1594 647 1652 indidit,
659 1593 732 1640 dooet
741 1591 805 1639 illud
815 1594 882 1639 reete
892 1591 982 1650 agendi
998 1592 1147 1651 prinoipium
1162 1606 1214 1639 esse
1224 1607 1239 1638 a
1249 1591 1317 1642 eolo,
1329 1594 1355 1640 et
1369 1590 1520 1640 immutabili

254 1707 339 1757 medio
355 1707 483 1756 constitui.
505 1705 629 1764 Secunda,
646 1703 809 1753 immutabilis
819 1705 895 1752 medii
904 1704 983 1763 legem
993 1703 1117 1762 evolvens,
1129 1703 1201 1751 doeot
1211 1705 1263 1751 vias
1274 1720 1336 1764 quas
1345 1709 1430 1752 tenere
1444 1703 1519 1752 debet

255 1823 364 1882 sapiens,
378 1824 408 1870 ut
421 1820 593 1878 integritatem
604 1835 619 1866 a
633 1818 695 1866 ooslo
712 1818 830 1866 donatam
849 1821 983 1878 reouperet.
1006 1818 1098 1872 Tertio,
1120 1818 1252 1867 ostendens
1270 1819 1325 1865 eoeli
1342 1820 1519 1879 operationem,

256 1937 330 1984 docet
340 1951 389 1995 quo
399 1934 455 1995 quis
465 1934 569 1983 tendere
579 1933 662 1991 debet,
673 1936 703 1980 ut
713 1945 835 1979 summam
851 1931 961 1990 attingat
976 1931 1163 1992 perfectionem,
1174 1946 1230 1991 qum
1244 1931 1271 1980 in
1281 1932 1382 1980 sublimi
1399 1932 1520 1981 Confuoio

255 2050 371 2096 oonereta
379 2047 436 2096 init.
462 2047 567 2104 Quarta,
577 2045 609 2092 ad
620 2044 726 2092 hominis
744 2044 912 2104 operationem
930 2047 1064 2103 renutans,
1084 2044 1165 2104 dooet,
1176 2048 1206 2092 ut
1217 2045 1273 2105 quis
1283 2061 1312 2094 oo
1322 2046 1457 2105 pertingat,
1472 2047 1520 2094 sibi

255 2161 437 2221 invigilandum
453 2176 516 2216 esse,
533 2161 610 2208 etiam
620 2160 647 2207 in
656 2159 697 2219 iis,
708 2175 764 2220 queo
774 2160 820 2206 snb
830 2159 935 2208 eliorum
952 2176 1038 2208 sensus
1048 2175 1099 2208 non
1109 2161 1218 2219 esdunt;
1233 2164 1258 2210 et
1268 2162 1312 2209 ubi
1322 2178 1366 2223 per
1376 2163 1520 2212 continuam

255 2274 411 2335 vigilantiam
422 2273 501 2322 inerit
511 2273 653 2333 primorem
670 2272 842 2331 integritatem
860 2276 1014 2330 oonseoutus,
1025 2276 1081 2320 tum
1091 2273 1191 2321 demum
1201 2273 1334 2334 paullatim
1347 2275 1380 2323 ad
1389 2276 1521 2324 sublimem

262 2403 383 2449 supreme
392 2387 495 2439 virtutis
505 2386 677 2437 exoellontiem
686 2399 853 2435 aseensnrnm.

301 2588 331 2652 1.
356 2588 427 2652 Goeli
441 2588 491 2651 les
504 2586 613 2651 dicitur
625 2592 743 2661 natura,
762 2570 941 2649 conformari
955 2591 1068 2648 natura
1082 2584 1190 2650 dicitur
1203 2587 1311 2669 agendi
1325 2589 1440 2670 regula,
1458 2605 1519 2653 res·

258 2708 378 2766 murare
393 2701 530 2783 regulam
543 2700 651 2763 dicitur
664 2698 810 2762 institutio
826 2695 882 2783 (1).
906 2698 1020 2781 Regulo
1040 2714 1128 2779 porro
1139 2698 1190 2762 ilie
1203 2716 1257 2764 neo
1268 2706 1364 2779 potest
1378 2702 1520 2781 temporis

258 2820 410 2879 memento
423 2813 547 2889 abesam
565 2812 590 2875 si
601 2820 701 2891 posset
714 2811 830 2889 abesse,
845 2827 905 2875 non
919 2818 998 2877 esset
1012 2813 1116 2895 regula
1132 2810 1174 2897 (ἲ)
1189 2821 1389 2894 :quapropter
1402 2816 1520 2894 sapiens

233 3001 235 3005 .
259 2929 306 2991 vir
320 2932 432 2992 attente
455 2933 541 2990 cavet
553 2925 591 2989 ab
603 2925 640 2987 iis
653 2941 718 3004 qua
739 2926 802 3005 ipse
823 2941 918 3005 neque
938 2925 1029 3001 videt,
1052 2925 1155 3005 pavide
1179 2926 1263 2990 timet
1276 2926 1314 2989 ab
1327 2926 1363 2989 iis
1376 2943 1442 3007 quoe
1456 2928 1520 3008 ipse

258 3057 356 3120 neque
378 3040 460 3104 audit
474 3037 518 3124 (3)
536 3057 543 3102 :
561 3038 603 3102 nil
618 3037 766 3118 patentius
789 3053 879 3117 quam
903 3039 1036 3103 locorum
1060 3038 1243 3116 abscondite,
1267 3040 1309 3103 nii
1333 3041 1520 3105 manifestius

259 3170 350 3235 qnam
373 3169 473 3217 rerum
496 3151 615 3217 subtilis
630 3148 672 3236 (l)
687 3168 696 3228 ;
711 3151 777 3217 ideo
798 3151 916 3232 sepiens
937 3151 1041 3233 vigilat
1054 3152 1110 3215 sibi
1124 3153 1257 3217 solitario
1279 3150 1335 3236 (5).
1358 3152 1519 3232 Gaudium,

258 3268 348 3343 iram,
373 3266 536 3342 tristitiam,
561 3265 741 3329 hilaritatem
763 3266 894 3329 nondum
915 3264 1060 3344 erupisse,
1077 3265 1184 3330 dicitur
1197 3264 1352 3346 aequilibrii
1367 3267 1517 3342 medium;

259 3396 416 3461 erumpere
430 3386 460 3444 et
474 3385 572 3443 tamen
587 3378 686 3442 omnia
699 3377 848 3461 attingere
864 3393 1047 3455 mensuram,
1063 3378 1171 3444 dieitur
1184 3395 1253 3443 eum
1267 3379 1382 3443 ratione
1395 3394 1519 3444 conoes-

260 3500 330 3570 tus;
345 3492 542 3572 aequilibrium
552 3492 626 3555 illud
635 3498 682 3557 est
693 3492 824 3555 universi
838 3507 981 3574 magnum
996 3490 1231 3569 fundamentum,
1248 3493 1404 3557 harmonia
1413 3494 1464 3557 ille
1474 3499 1521 3557 est

259 3606 364 3670 mundi
377 3605 554 3670 universalis
567 3606 626 3671 lex.
650 3603 695 3667 Ad
708 3604 822 3683 apicem
843 3604 986 3686 promotis
1006 3605 1169 3684 aequilibrio
1183 3612 1213 3670 et
1227 3606 1394 3683 hermenia,
1410 3608 1519 3671 eoelum

259 3727 400 3799 terraque
413 3735 468 3783 suo
481 3723 562 3782 sunt
575 3718 691 3793 ordine,
707 3724 737 3782 et
751 3733 855 3783 omnes
868 3734 917 3782 res
930 3719 986 3783 rite
1000 3725 1202 3801 propagentur
1218 3716 1274 3803 (6).

300 3954 345 4034 (4)
369 3938 451 4024 ssin
466 3961 560 4020 medio
572 3958 689 4039 plesseis,
708 3978 787 4037 reque
803 3980 837 4020 ao
853 3937 913 4034 ἦ,
927 3962 1013 4021 servit
1028 3961 1229 4039 eomparativis
1244 3970 1273 4021 et
1289 3960 1427 4039 signifieat
1436 3984 1520 4040 pro.-

260 4085 328 4136 tnno
352 4092 417 4134 vere
438 4058 584 4151 eleganter
605 4074 730 4152 ponitur,
755 4082 788 4132 nt
811 4074 841 4134 in
859 4083 953 4147 textu,
976 4076 1115 4152 particula
1133 4049 1188 4139 ᾗ
1211 4074 1247 4133 In
1263 4076 1316 4133 line
1334 4074 1450 4152 phrasis,
1467 4078 1521 4137 ali·

257 4189 375 4267 quando
390 4187 587 4260 exclamantia,
609 4185 763 4263 aliquando
784 4188 988 4265 interrogantis
1000 4198 1044 4247 eat
1059 4213 1068 4266 3
1085 4191 1233 4266 utriusque
1249 4188 1337 4248 etiarn
1354 4187 1518 4265 aliqnando,

259 4311 380 4375 ottone,
401 4312 487 4361 aucta
505 4297 650 4379 particule,
668 4275 709 4362 ᾖ
728 4276 828 4362 Ῠνθί
848 4276 888 4362 Ῠ
907 4274 948 4358 ἦ
965 4300 1096 4380 usurpari
1110 4302 1191 4362 solet.
1212 4334 1254 4348 -
1277 4299 1383 4362 Rerum
1396 4301 1520 4377 subtilia,

259 4435 308 4477 sen
319 4414 487 4477 sbsoondite
499 4432 594 4473 rorum
607 4413 744 4491 germina,
757 4414 815 4473 sois
826 4413 916 4492 signis
929 4413 1143 4493 portenduntur.

299 4517 345 4601 (5)
366 4508 409 4588 3
423 4507 463 4592 fl
478 4545 538 4587 sose
549 4525 705 4599 solitudini,
718 4546 765 4587 seo
779 4526 928 4605 adjunctis,
942 4526 972 4586 in
986 4527 1175 4604 quibmsolua
1187 4536 1239 4589 est.

300 4633 344 4713 (d)
366 4615 418 4713 ff,
433 4639 539 4717 ubique
551 4647 711 4718 penetrans,
726 4612 768 4695 (li
781 4640 895 4719 propria
907 4640 996 4714 sedes,
1011 4614 1055 4704 'ff
1067 4640 1157 4718 juxta
1172 4648 1306 4701 naturam
1320 4640 1412 4701 evolvi
1426 4662 1433 4700 :
1447 4638 1519 4709 ordo,

258 4755 418 4819 morene
430 4753 561 4835 popum·
573 4753 749 4815 enorum
762 4754 868 4835 vigent
892 4727 1021 4818 Rhene
1034 4753 1178 4816 rnorem
1191 4752 1310 4833 aqum
1321 4755 1418 4814 uua
