3556 5664
589 509 684 552 caeru
705 509 962 551 remen-ress
982 510 1071 552 raros
1405 493 1462 554 375

183 639 331 706 manans,
347 624 482 687 nondum
493 623 542 687 irie
552 623 660 687 extitit.
678 624 772 687 Ganes
783 631 892 688 etsnes
904 624 1083 688 manducant
1099 624 1253 688 bominum
1270 625 1422 701 alimenta,
1432 631 1464 689 et

185 754 245 803 non
261 738 324 802 seis
338 738 500 817 impedire3
526 737 557 801 in
574 737 630 800 viis
644 737 837 801 inveniuntur
862 737 940 800 lame
962 737 1069 812 enecti,
1086 745 1115 800 et
1131 754 1190 802 non
1207 740 1266 802 sris
1281 738 1419 820 elargiri3
1437 739 1463 802 si

186 852 326 916 homines
342 849 1250 935 111111111111111111εε1111111,1111111111111111(1).
1271 853 1305 917 Id
1315 853 1463 930 quomodo

188 965 341 1028 diversum
352 979 388 1027 ac
398 970 508 1043 puncto
524 964 656 1039 homine,
671 964 866 1032 etinterleeto
881 964 945 1040 illo,
963 963 1081 1027 dicere:
1095 980 1155 1027 non
1170 980 1240 1047 ego,
1258 966 1310 1029 sed
1325 965 1463 1047 gladius?

189 1078 264 1155 Rex,
283 1077 345 1142 noli
362 1077 484 1156 culpare
498 1093 622 1154 annum,
641 1084 672 1141 et
686 1078 787 1141 statim
804 1076 919 1156 imperii
935 1077 1036 1156 populi
1051 1078 1220 1141 advenient.

248 1193 278 1256 1.
303 1191 407 1272 Leang
427 1191 494 1255 boei
509 1207 563 1254 ren
577 1190 619 1253 ait
636 1211 643 1254 :
662 1192 789 1273 exiguus
803 1206 861 1272 ego
877 1190 923 1254 vir
937 1190 1072 1254 desidero
1095 1192 1195 1255 sedate
1216 1193 1352 1271 excipere
1374 1191 1463 1255 docn-

189 1312 301 1369 menta.
326 1303 472 1367 blentsius
487 1304 640 1384 respondit
652 1324 660 1367 ε
673 1305 807 1369 occidere
823 1304 973 1367 bominem
989 1319 1058 1367 curn
1073 1305 1179 1369 baculo
1190 1313 1242 1368 aut
1255 1304 1365 1387 gladio,
1380 1312 1464 1368 estne

189 1419 267 1482 unde
283 1416 421 1481 dueratr
436 1416 485 1481 llit
498 1436 506 1482 :
519 1433 579 1481 non
590 1424 635 1481 est
646 1418 724 1481 unde
739 1417 855 1482 dilierat
868 1417 925 1494 (1).
949 1417 1022 1481 llum
1038 1417 1138 1499 gladio
1154 1425 1206 1481 aut
1220 1417 1365 1501 gubernio
1380 1424 1465 1482 estne

189 1546 248 1611 uuo
258 1530 397 1594 diderat?
413 1528 461 1593 bit
474 1548 482 1595 :
496 1546 551 1595 nec
562 1538 608 1594 est
618 1547 678 1611 quo
693 1529 820 1595 diderat.
844 1530 949 1594 subdit
964 1550 970 1592 :
984 1530 1083 1594 eulina
1100 1530 1189 1594 babet
1204 1532 1331 1614 pingues
1345 1546 1463 1608 cemes

189 1643 288 1723 equile
298 1644 389 1707 babet
399 1644 526 1726 pingues
540 1660 651 1723 equos;
668 1645 836 1724 etpopulus
846 1643 936 1707 babet
949 1642 1191 1721 lamiscolorem,
1208 1646 1332 1724 locaque
1347 1645 1465 1709 deserta

190 1757 303 1822 babent
327 1756 406 1820 lame
430 1757 627 1823 demortuos:
645 1759 703 1822 boo
721 1766 767 1821 est
786 1758 933 1822 adducere
952 1757 1031 1821 ieras
1045 1758 1083 1821 ad
1104 1758 1290 1822 devorandos
1314 1757 1460 1822 homines.

190 1870 339 1934 Animalia
354 1870 530 1935 seinvicem
555 1872 739 1948 decorantia,
757 1872 804 1934 vel
820 1887 855 1936 ea
871 1871 961 1935 bomo
983 1879 1140 1937 aversatur
1157 1891 1164 1935 z
1183 1871 1274 1951 siqui
1296 1878 1342 1936 est
1364 1870 1465 1951 populi

191 1999 301 2064 parens
316 1980 459 2048 exeicens
474 1984 665 2066 gubemium
683 2001 738 2048 nec
753 1984 907 2048 abstinete
919 1984 1061 2048 ducendis
1075 1984 1254 2048 animalibus
1268 1986 1306 2049 ad
1321 1986 1464 2049 devoran-

193 2098 246 2161 dos
261 2096 410 2173 homines,
427 2096 549 2160 ubinam
560 2098 701 2161 estillum
712 2114 778 2162 esse
791 2098 892 2177 populi
907 2104 1061 2177 parentem
1077 2094 1141 2182 (3)1
1156 2098 1315 2163 llonlucins
1329 2097 1463 2161 dicebat:

192 2210 338 2290 incipiens
362 2210 461 2274 lacere
486 2211 623 2274 homines
647 2212 775 2293 ligneos,
793 2227 891 2275 nonne
907 2211 976 2273 talis
991 2211 1153 2290 privandus
1178 2211 1375 2290 posteritater
1396 2213 1467 2290 quia

193 2323 248 2388 iste
264 2323 413 2387 assimiles
428 2323 541 2387 effinxit
555 2324 692 2388 homines
706 2330 737 2389 et
750 2341 824 2388 usus
838 2331 885 2388 est
899 2324 959 2388 illis
976 2320 1032 2409 (1).
1054 2325 1145 2388 Juxta
1161 2326 1233 2402 bec,
1259 2325 1330 2404 quid
1345 2325 1395 2390 ille
1415 2326 1467 2406 pul

194 2436 281 2502 ellicit
296 2444 331 2500 ut
346 2437 403 2501 iste
418 2439 546 2517 populus
561 2438 673 2501 esuriat
687 2437 725 2501 ad
740 2438 916 2501 interitum?

252 2552 283 2613 5.
307 2550 411 2631 beang
425 2551 493 2614 lroei
509 2565 562 2614 rer
577 2551 619 2614 ait
636 2571 643 2614 :
662 2566 756 2633 regno
771 2551 841 2613 isin
861 2548 903 2635 (5)
920 2551 1036 2631 imperii
1051 2553 1168 2614 nullum
1184 2552 1345 2631 potentins,
1368 2553 1468 2617 senior

195 2664 272 2743 quod
288 2663 380 2743 probe
395 2664 460 2727 scit.
495 2663 568 2727 Gum
590 2664 793 2728 devenerit'ad
807 2664 909 2746 exigui
924 2664 979 2727 viri
995 2680 1166 2744 personam,
1189 2664 1219 2728 in
1235 2665 1349 2729 oriente
1369 2666 1466 2730 debel-

195 2778 273 2840 latus
288 2776 330 2840 lai
342 2792 359 2839 1
370 2776 445 2854 T‘si
467 2777 665 2860 primogenito
681 2777 741 2841 lilio
755 2785 876 2854 enecto;
894 2777 923 2840 11
938 2778 1090 2842 occidente
1105 2778 1192 2841 amisi
1207 2785 1350 2842 terrama
1366 2779 1465 2857 T‘sin,

196 2890 385 2972 septingenta
400 2890 513 2966 stadium
531 2891 568 2954 ad
584 2891 738 2955 meridiem
753 2889 877 2954 allectus
892 2906 959 2953 sum
974 2890 1116 2970 injuriae
1131 2891 1257 2955 T‘cbou.
1282 2892 1364 2974 Egoe
1381 2891 1467 2958 rube-

197 3003 367 3079 mensim,
385 3004 471 3084 cupio
486 3004 516 3066 in
533 3004 661 3086 gratiam
687 3004 894 3068 deiunctomm
919 3005 1012 3068 semel
1027 3005 1079 3067 illa
1094 3005 1194 3068 eluere
1212 3021 1220 3067 :
1238 3005 1309 3083 quid
1329 3020 1418 3088 agam
1434 3012 1469 3069 ut

196 3118 328 3197 possimr
349 3116 494 3180 Mentsius
509 3116 680 3195 respondit:
694 3123 774 3181 terra
789 3124 911 3179 extema
927 3124 1047 3180 centurn
1062 3117 1176 3192 stadiis,
1187 3118 1249 3196 iam
1261 3119 1379 3182 satisad
1392 3118 1468 3183 bene

197 3228 395 3312 regnandum.
430 3230 505 3306 Rex,
529 3230 554 3292 si
576 3229 711 3293 edundas
735 3230 898 3312 benignum
924 3230 1103 3312 gubernium
1125 3231 1155 3294 in
1180 3232 1335 3311 populum,
1362 3247 1469 3312 pareas

198 3342 351 3423 suppliciis
366 3348 397 3406 et
410 3342 625 3423 punitionibus,
652 3343 769 3407 minuas
793 3343 904 3407 tributa
919 3349 950 3407 et
969 3343 1144 3427 vectigalia3
1166 3344 1311 3423 profunde
1335 3344 1470 3410 arabitur

237 3606 281 3684 (s)
302 3588 748 3685 1111111111111111
762 3631 816 3687 qm
829 3614 958 3684 1111,
972 3611 1057 3671 neme
1072 3611 1203 3670 eunoun
1219 3612 1350 3690 speram
1363 3613 1470 3672 aenne

200 3729 229 3788 in
250 3724 420 3805 particulam
436 3704 492 3788 effla.
521 3725 633 3784 Eodem
654 3744 737 3785 sensu
759 3724 882 3784 habetur
899 3700 937 3781 ff
956 3701 1011 3797 ff,
1026 3723 1152 3802 phrasim
1173 3724 1359 3784 concludente
1380 3727 1468 3803 perti·

199 3842 262 3901 cula
278 3817 333 3903 ff.

239 3952 283 4024 (ll
305 3954 397 4031 AEgre
409 3954 519 4013 ferebat
534 3950 686 4012 Confuciue
700 3952 776 4027 quod
789 3953 879 4028 ligna,
892 3970 954 4028 quae
964 3952 1002 4009 ad
1014 3951 1109 4011 vivum
1123 3950 1315 4029 exprimerent
1327 3950 1468 4026 homines,

200 4069 352 4145 sepulturae
373 4066 588 4140 mandamentum
602 4065 631 4124 id
643 4065 750 4125 scilieet
769 4065 806 4124 ab
825 4063 1007 4123 humanitate
1027 4065 1133 4124 ducens
1146 4062 1271 4124 alienum
1285 4088 1294 4125 ε
1310 4065 1379 4142 qnid
1397 4084 1469 4143 ergo

200 4180 349 4240 dicendum
362 4180 398 4238 de
407 4198 450 4251 eo,
462 4180 512 4256 qui
523 4197 602 4239 veros
612 4176 741 4238 homines
753 4178 830 4236 fame
840 4179 959 4236 enecati
973 4175 1144 4254 Antiquitas
1154 4177 1317 4237 stramineis
1327 4176 1470 4237 fasciculis

200 4291 317 4352 confuse
337 4292 468 4351 homines
489 4293 519 4351 in
531 4292 679 4352 funeribus
698 4290 976 4369 repraesentabantur
991 4290 1077 4351 :dein
1094 4291 1191 4368 lignea
1211 4289 1289 4350 facta
1306 4290 1468 4364 simulacra,

200 4424 262 4484 quae
284 4404 414 4466 homines
435 4405 569 4466 distincte
595 4404 756 4465 referebant
778 4426 785 4464 :
805 4403 837 4462 id
857 4400 1049 4463 inhumanum
1072 4403 1161 4465 babet
1185 4401 1349 4480 consocius,
1369 4411 1470 4484 utpote

200 4539 300 4579 ansam
315 4521 444 4599 praebens
457 4520 537 4580 riroe
550 4517 681 4579 homines
693 4517 827 4578 Manibus
839 4514 1015 4580 immolandi.
1454 4586 1459 4597 ,

238 4623 287 4701 (5)
307 4631 442 4712 Qum
457 4608 498 4698 ff
514 4641 572 4693 tres
590 4630 715 4703 familiae,
730 4607 774 4691 m
789 4602 832 4688 ᾖ
847 4602 903 4701 ffi,
918 4629 994 4690 inter
1005 4649 1036 4691 ee
1049 4632 1164 4710 partitae
1181 4629 1300 4703 dieram,
1322 4627 1399 4689 unde
1418 4627 1470 4689 tile

201 4723 242 4804 Ξ
262 4722 301 4808 ff
315 4745 472 4829 appellatio
487 4767 495 4805 τ
508 4746 572 4806 ideo
585 4762 638 4804 rex
652 4762 716 4805 eam
729 4743 779 4803 hio
792 4743 846 4803 sibi
861 4744 1002 4804 attribuit.

276 4878 299 4921 n
1348 4856 1387 4912 48
