3524 5652
567 443 664 487 curor
683 442 968 495 esseron-runs
989 445 1079 489 riuos
1405 435 1463 493 lot

181 553 504 636 placitantisestcaro.
517 555 772 621 Exiitetevomuit
781 557 872 620 illam.
889 556 1030 634 Amatne,
1041 565 1112 623 tunc
1122 575 1182 622 non
1193 560 1332 635 comedit
1346 560 1384 623 ab
1392 578 1464 627 uno·

183 677 330 733 reautem
342 686 409 734 rem
419 670 563 735 comedit:
575 670 611 733 dn
623 670 724 734 fratris
734 671 864 747 domum,
878 671 942 751 jam
952 687 1012 735 non
1024 672 1154 750 nabitet3
1172 671 1262 736 onon
1274 673 1350 757 ling,
1362 675 1465 739 statim

185 781 301 845 habitat
315 782 394 846 illud
410 784 466 865 (l).
496 783 672 863 Huiusmodi
687 800 725 848 an
741 785 839 849 adbuc
861 792 1000 850 censetur
1015 800 1101 867 posse
1117 785 1280 866 adimplere
1295 788 1341 850 sui
1358 804 1464 868 propo·

187 894 235 958 siti
246 901 365 978 genus?
381 897 442 961 lste
453 897 579 979 chong
589 905 634 961 tse
645 897 809 961 lumbricus
819 897 870 976 sit,
887 904 918 962 et
929 905 999 961 tunc
1009 897 1144 979 implebit
1159 915 1247 963 suum
1263 902 1461 980 propositum.

547 1030 756 1211 cornu
790 1049 1118 1219 onasuuu.

246 1347 392 1412 blentsius
406 1347 449 1412 ait
461 1367 468 1411 :
482 1347 578 1432 lyncei
593 1344 627 1411 Li
637 1347 704 1412 leou
715 1363 854 1426 acumen,
870 1355 900 1413 et
911 1348 1025 1429 opitlcis
1040 1349 1130 1432 Kong
1144 1350 1222 1414 obou
1233 1355 1278 1414 tse
1289 1349 1463 1428 dexteritas,

187 1460 247 1524 nisi
261 1467 364 1525 utatur
379 1462 490 1526 circino
505 1468 536 1526 et
550 1477 667 1537 norma,
685 1478 744 1526 non
760 1463 870 1542 poterit
892 1462 1007 1527 elllcere
1028 1463 1208 1542 quadratum
1227 1469 1258 1526 et
1273 1463 1436 1527 rotundum
1454 1483 1462 1527 :
1523 1460 1528 1467 ’

188 1574 295 1638 musici
311 1575 434 1657 li‘oang
448 1575 578 1652 auditus,
596 1575 653 1638 nisi
668 1582 770 1639 utatur
781 1593 833 1640 sex
843 1576 984 1653 modulis,
996 1591 1055 1641 non
1072 1576 1180 1655 poterit
1196 1584 1363 1656 temperare
1379 1577 1465 1655 quin·

187 1704 248 1768 que
261 1702 352 1753 sonos
369 1685 413 1772 (Ι)
432 1707 440 1751 :
458 1688 523 1753 Yao
538 1694 568 1753 et
583 1689 684 1753 Cboen
708 1690 816 1772 agendi
840 1689 928 1765 ratio,
946 1688 1003 1755 nisi
1020 1697 1122 1753 utatur
1146 1690 1278 1754 humano
1303 1689 1463 1773 gubernio,

188 1816 249 1865 non
265 1801 374 1881 poterit
384 1801 421 1864 ad
432 1815 535 1881 pacem
552 1801 699 1866 moderari
714 1802 885 1882 imperium.
909 1804 1075 1867 Praesentes
1087 1819 1158 1867 vero
1173 1802 1283 1867 babent
1297 1803 1465 1869 humanum

188 1920 286 1979 corel
301 1914 497 1979 humanitatis
519 1914 641 1991 tamam,
658 1921 803 1979 ettamen
827 1917 954 1996 populus
973 1932 1032 1980 oon
1054 1917 1158 1996 recipit
1180 1931 1284 1980 eorum
1306 1915 1459 1995 beneficia,

187 2042 245 2092 nec
259 2034 385 2107 possunt
408 2010 562 2108 exemplar
583 2028 647 2093 lieri
669 2045 724 2107 pro
745 2029 939 2109 sequentibus
963 2030 1222 2112 generationibus3
1246 2038 1294 2093 est
1309 2030 1387 2107 quod
1402 2046 1465 2095 non

187 2147 285 2223 agunt
309 2141 503 2220 pristinorum
527 2158 635 2224 regum
659 2142 795 2206 instituta
818 2140 873 2227 (3).
904 2144 974 2209 Ideo
996 2143 1104 2208 dicitur
1121 2163 1129 2206 :
1147 2143 1226 2206 nuda
1248 2142 1382 2222 probitas
1403 2160 1465 2209 non

188 2254 343 2318 sollicitati
353 2255 550 2320 exercendum
567 2255 711 2337 regimen,
733 2257 811 2319 nuda
827 2258 875 2321 lex
887 2272 946 2321 noo
957 2263 1054 2336 potest
1065 2272 1083 2318 a
1093 2257 1189 2336 seipsa
1201 2255 1311 2321 babere
1326 2272 1461 2321 cursum.

188 2368 315 2432 (laomen
328 2366 392 2452 (ΙΙΙ.
406 2364 471 2452 15.)
483 2367 542 2432 ait:
557 2370 655 2433 «nibil
668 2375 837 2448 peccantes,
854 2370 928 2433 nibil
940 2371 1123 2445 omittentes,
1141 2370 1313 2437 insistentes
1323 2369 1355 2433 in
1366 2370 1465 2449 prisca

187 2480 345 2545 instituta:
362 2507 377 2537 »
391 2482 440 2561 oui
458 2482 617 2547 obsecutus
632 2482 766 2563 priorum
782 2499 888 2567 regum
908 2483 1051 2547 institutis
1065 2484 1163 2546 adlroc
1177 2483 1335 2559 errauerit,
1352 2484 1463 2546 isnon·

188 2593 260 2657 dum
275 2595 382 2659 extitit.
401 2595 501 2659 Sancti
516 2595 572 2659 riri
583 2611 652 2659 eum
667 2597 876 2661 exhausissent
889 2598 1044 2661 oculorum
1054 2596 1127 2671 vim,
1147 2595 1175 2659 irl
1185 2596 1400 2661 continuarunt
1410 2612 1465 2677 per

189 2707 345 2783 circinum,
358 2724 503 2787 normam,
520 2709 1139 2790 libellametperpentlicolum,·adlaoienda
1149 2710 1306 2791 quadrata,
1319 2710 1457 2787 rotunda,

190 2821 276 2900 plana
287 2828 318 2886 et
328 2830 420 2898 recta,
438 2838 591 2902 nunquam
608 2822 802 2888 exhauriendi
813 2840 885 2887 usus
895 2821 937 2907 (l)
952 2844 959 2887 :
973 2839 1041 2887 cum
1057 2822 1266 2886 exhausissent
1280 2822 1398 2886 aurium
1409 2838 1461 2902 po·

191 2934 326 3011 tentiam,
343 2935 373 2999 id
388 2935 539 3000 subsecuti
554 2941 622 2999 sunt
639 2952 692 3017 per
707 2953 760 3000 sex
775 2938 923 3013 modulos,
939 2944 970 3002 et
986 2941 1191 3016 temperarunt
1210 2935 1342 3015 quinque
1358 2936 1461 3000 modu·

190 3047 327 3125 tationes,
344 3064 403 3113 noo
419 3049 628 3114 exhauriendo
644 3049 801 3113 utilitatis:
816 3066 884 3114 cum
900 3050 1107 3114 exhausissent
1122 3047 1213 3111 animi
1229 3048 1413 3124 facultatem,
1430 3049 1462 3113 io

190 3159 338 3226 subsecuti
353 3167 424 3224 suot
439 3177 492 3240 per
506 3162 638 3228 alienum
653 3163 690 3226 ab
705 3164 922 3228 inhumanitate
938 3163 1086 3246 regimen,
1101 3169 1132 3226 et
1145 3162 1316 3225 humanitas
1329 3161 1462 3225 oontexit

189 3272 357 3353 imperium.
376 3274 445 3340 ldeo
455 3275 563 3343 dicitur
576 3296 583 3339 ε
596 3284 738 3341 extruens
747 3276 808 3340 alta
817 3277 909 3341 debes
918 3276 1004 3340 inniti
1015 3275 1152 3352 collibus,
1165 3282 1308 3339 extruens
1320 3275 1461 3354 depressa

542 3436 685 3444 ...ω-ω...
702 3438 799 3445 ,φ-...η
811 3438 1029 3446 ..κ-..φο

228 3518 272 3599 (Ι)
293 3502 350 3601 f),
365 3527 478 3599 adhibe,
491 3545 573 3605 pone,
587 3527 634 3586 ds.
664 3527 814 3589 Ordinaris
828 3537 981 3606 usurpatur
994 3526 1209 3606 significatione,
1223 3534 1254 3585 et
1264 3535 1362 3586 tamen
1377 3544 1460 3586 osum

190 3640 303 3702 exhibet
316 3639 489 3719 singularem
504 3661 511 3697 ε
525 3641 605 3699 roris
619 3641 696 3700 enirn
709 3642 838 3701 membra
850 3643 994 3717 «lucernis,
1009 3649 1041 3700 ut
1052 3638 1200 3720 porticulae
1217 3620 1258 3701 bi
1271 3638 1365 3699 locum
1381 3646 1459 3700 lene-

191 3756 370 3816 recidentur.
400 3753 432 3815 Si
445 3754 540 3832 egitur
552 3751 588 3814 de
603 3755 703 3813 matris
716 3754 800 3826 dono,
821 3775 893 3833 non;
915 3756 940 3815 si
959 3756 994 3816 de
1013 3755 1111 3814 uxoris
1132 3773 1228 3832 opero,
1249 3754 1347 3830 utique
1362 3774 1371 3814 t
1384 3753 1409 3812 si
1423 3753 1460 3814 de

191 3866 317 3928 fraterno
329 3867 424 3939 domo,
438 3886 510 3943 non3
526 3867 551 3926 si
564 3867 600 3927 de
614 3865 717 3942 aliena,
732 3868 840 3944 ntique.

230 3972 275 4052 (Ι)
295 3980 333 4040 Li
345 3980 410 4042 leon
422 3983 477 4043 sub
500 3954 598 4045 Ῐῢ
618 3979 765 4045 oculorum
785 3982 846 4041 acie
866 3980 962 4054 moue,
985 3981 1074 4060 Kong
1092 3980 1167 4042 chon
1188 3990 1232 4041 tse
1251 4002 1267 4042 e
1285 3999 1374 4059 regno
1393 3976 1460 4039 Lon

191 4095 305 4157 celebris
320 4096 434 4163 artifex,
450 4078 567 4172 K‘oeng
580 4114 596 4154 e
609 4114 698 4172 regno
715 4070 754 4156 ἕ
769 4095 875 4172 peritus
888 4095 1020 4155 musicus.

228 4200 273 4279 (8)
294 4209 375 4269 Nota
395 4208 471 4271 illius
490 4183 527 4266 ἕ
549 4208 629 4293 vim:
643 4207 721 4286 quod
740 4220 888 4286 nequeant
907 4209 1007 4288 magni
1027 4208 1094 4281 lieri,
1114 4215 1159 4268 est
1179 4207 1256 4286 qood
1275 4225 1334 4267 non
1357 4214 1459 4267 tenent
1525 4198 1529 4207 ’

190 4322 307 4398 pristine
323 4324 466 4383 institute.
667 4311 671 4320 ¹

226 4427 271 4509 (4)
293 4434 424 4497 Primum
440 4438 585 4500 naturales
602 4435 755 4496 facultates
774 4454 887 4495 summo
905 4435 999 4496 studio
1018 4434 1218 4514 impenderunt
1232 4459 1241 4499 a
1256 4435 1322 4495 dein
1343 4430 1458 4512 regulas

186 4559 215 4612 et
226 4553 430 4625 instrumente,
450 4562 555 4613 nature
567 4550 668 4623 edocti,
682 4550 883 4625 instituerunt3
904 4549 1002 4628 magni
1017 4567 1087 4609 sane
1099 4568 1168 4611 osus
1180 4556 1268 4628 atque
1282 4547 1459 4624 inextingui-

184 4668 246 4732 bilis
261 4667 398 4730 utilitatis
412 4665 443 4725 in
456 4676 592 4748 posteros,
607 4664 657 4742 qni
670 4664 771 4725 eadem
784 4663 918 4724 methodo
932 4662 1011 4724 usuri
1025 4670 1128 4725 emerat.
