3574 5664
582 492 676 537 canor
697 491 839 536 oerrrnu
850 509 891 523 -
903 493 978 536 rans
997 493 1160 537 remmon
1445 477 1506 538 889

232 610 303 667 tune
317 602 408 682 ritus,
427 604 542 670 musica
557 604 713 669 abellinae
729 605 930 684 expeditiones
944 621 961 668 a
977 605 1090 687 regulis
1108 604 1273 684 procedunt
1289 623 1297 668 :
1316 604 1341 668 si
1356 620 1373 667 a
1389 604 1504 687 regulis

233 717 411 797 proeednm,
430 718 549 783 circiter
563 719 664 783 decem
680 718 759 781 intra
774 724 887 794 etates,
915 719 1000 799 pauci
1029 735 1089 783 non
1106 719 1259 795 amittent;
1277 718 1303 781 si
1323 717 1503 798 aloparcbis

235 831 410 911 procedunt,
438 832 569 911 quinque
589 832 667 895 intra
682 837 784 896 aetates
806 832 892 911 pauci
907 849 967 896 non
982 832 1135 906 amittent3
1153 830 1178 894 si
1193 831 1348 896 domestici
1373 830 1502 897 ministri

236 950 337 1008 lenem
351 946 439 1027 regni
455 950 640 1024 potestatem,
665 950 725 1008 tres
741 945 818 1007 intra
833 951 935 1008 etates
951 945 1035 1024 pauci
1050 959 1110 1009 non
1125 944 1273 1008 amittent.
1297 945 1326 1008 Si
1342 943 1500 1023 imperium

236 1064 317 1121 tenet
340 1057 489 1135 ordinem,
514 1064 584 1121 tunc
604 1058 821 1122 administratio
841 1073 902 1122 non
917 1056 974 1122 erit
994 1074 1084 1139 penes
1109 1059 1285 1136 toparebas;
1302 1058 1327 1121 si
1341 1057 1500 1138 imperium

236 1176 335 1235 servat
349 1171 498 1248 ordinem,
517 1178 586 1234 tunc
601 1172 695 1251 plebis
710 1171 846 1234 homines
861 1187 921 1235 non
936 1169 1150 1251 disceptabunt.

293 1286 324 1347 3.
347 1284 506 1349 Gontucius
521 1284 602 1348 addit
618 1304 625 1346 :
643 1284 800 1367 vectigalia
822 1284 958 1348 abiemnt
973 1301 990 1349 e
1006 1285 1102 1366 reguli
1124 1284 1224 1359 dome,
1247 1284 1378 1364 quinque
1392 1271 1520 1349 abbinc'

235 1398 460 1480 generationes;
478 1397 693 1462 administratio
716 1399 834 1462 devenit
848 1399 884 1460 ad
900 1413 1027 1480 magnos
1042 1398 1282 1483 magistratus,a
1297 1404 1424 1477 orratuor
1437 1396 1500 1477 iam

171 1592 174 1599 .
235 1511 488 1593 generationibus.
511 1511 580 1575 Ideo
595 1510 644 1573 isti
660 1517 721 1574 tres
735 1512 818 1575 Hoan
835 1512 932 1593 reguli
948 1517 1124 1591 pronepotes
1139 1511 1283 1574 attenuati
1299 1518 1369 1574 sunt
1385 1507 1442 1594 (l).

294 1624 325 1688 4.
347 1624 506 1691 Gentucius
520 1625 561 1687 ait
579 1643 586 1686 :
604 1624 693 1688 utiles
712 1630 782 1691 sunt
801 1631 863 1688 tres
881 1625 1029 1702 amicitiae,
1052 1625 1146 1689 noxiae
1169 1630 1230 1687 tres
1248 1624 1385 1689 amicitia
1403 1643 1410 1686 :
1429 1639 1499 1688 cou-

235 1738 320 1820 gredi
336 1744 462 1814 rectum,
485 1737 627 1819 oonjungi
642 1738 770 1814 sincero,
791 1739 897 1801 sociari
918 1738 1080 1803 multorum
1096 1738 1169 1815 seio,
1193 1737 1313 1801 utilitati
1328 1737 1386 1800 erit
1402 1756 1410 1799 ε
1428 1752 1498 1803 ηοη·

236 1852 319 1933 gredi
346 1866 501 1931 expertum
525 1850 652 1927 iuuandi,
679 1852 822 1934 congredi
844 1852 971 1932 peritum
998 1850 1177 1928 blandiendi,
1208 1852 1350 1933 congredi
1370 1865 1499 1931 pronum

236 1964 416 2046 garrulitati,
435 1966 543 2031 damno
559 1963 625 2028 erit.

295 2079 325 2141 5.
347 2078 506 2141 tantocius
515 2078 558 2142 nit
570 2097 577 2139 :
590 2077 679 2141 utiles
694 2083 764 2140 sunl
775 2083 836 2142 tres
850 2093 979 2153 amores,
998 2078 1154 2157 perniciosi
1169 2083 1229 2141 tres
1244 2092 1371 2142 amores.
1389 2075 1499 2141 Amare

236 2190 403 2257 disoemere
414 2192 489 2255 ritus
498 2199 529 2257 et
539 2191 695 2266 musicam,
712 2205 813 2255 amare
823 2192 921 2256 dicere
936 2191 1063 2257 aliorum
1079 2192 1167 2269 boon,
1183 2207 1285 2257 amare
1301 2190 1499 2271 muldplimre

236 2304 383 2383 sapientes
396 2304 518 2387 amicos,
539 2303 658 2368 utilitati
672 2309 771 2369 erunt.
795 2306 939 2370 Delectari
954 2305 1057 2370 effreni
1072 2306 1232 2385 voluptate,
1253 2304 1392 2369 delectari
1408 2304 1498 2369 lieen-

237 2417 360 2481 tioribus
374 2418 590 2500 vagationibus,
611 2418 750 2483 delectari
765 2420 920 2499 epularum
936 2419 1061 2496 deliciis,
1078 2417 1296 2483 intertrimento
1311 2424 1381 2481 sunt
1397 2414 1453 2501 (2).

295 2532 324 2597 6.
347 2532 504 2596 coniuctus
519 2532 561 2595 ait
578 2551 586 2594 ε
604 2531 771 2595 assistentis
784 2531 821 2594 ad
841 2532 989 2614 insignem
1010 2532 1107 2595 virum
1127 2532 1236 2595 dantur
1259 2532 1315 2595 tria
1329 2537 1437 2594 errata.
1468 2529 1499 2594 Si

237 2644 301 2722 eius
315 2659 413 2709 sermo
428 2647 559 2710 nondum
575 2651 604 2708 te
619 2645 753 2727 attigerit
767 2652 797 2709 et
812 2646 954 2724 loquaris,
971 2651 1095 2709 vocatur
1110 2645 1322 2724 praecipitantia
1337 2665 1345 2707 ε
1359 2644 1384 2707 si
1398 2658 1498 2709 serim

238 2765 268 2821 te
285 2758 428 2839 attigerit,
452 2765 483 2825 et
501 2774 562 2825 non
583 2758 726 2837 loquaris,
750 2766 874 2823 vocatur
893 2758 1069 2835 occultatio;
1093 2759 1117 2822 si
1139 2759 1271 2827 nondum
1292 2755 1499 2823 observaveris

237 2872 338 2934 vultus
352 2873 554 2951 apparentiam
570 2881 599 2934 et
615 2872 757 2951 loonaris,
774 2880 898 2937 vocatur
913 2872 1044 2936 coeeitas.

295 2987 323 3048 i.
347 2985 505 3049 doniueius
526 2986 568 3048 alt
591 3005 598 3047 :
623 2985 741 3066 sapiens
763 2985 851 3049 babet
873 2987 930 3049 tria
952 2984 1093 3051 cavenda.
1121 2967 1492 3063 adolescentin'tempore,

238 3099 382 3180 sanguine
400 3104 429 3160 et
450 3099 602 3178 spiritibus
623 3100 754 3163 nondum
776 3098 969 3176 confirmatis,
1000 3099 1079 3178 quod
1100 3096 1205 3163 cavere
1226 3104 1281 3177 est,
1314 3096 1497 3178 impudicitia

238 3212 423 3275 conaretur:
440 3228 508 3276 cum
523 3213 657 3293 attigerit
671 3229 755 3275 suam
771 3218 917 3275 maturam
931 3218 1059 3287 aetatem
1077 3212 1222 3294 sanguine
1232 3217 1262 3275 et
1272 3210 1424 3291 spiritibus
1434 3225 1496 3275 mo

238 3324 277 3388 do
290 3324 497 3402 corroboratis,
519 3326 595 3405 quod
618 3325 793 3400 cavendum,
816 3324 951 3390 consistit
966 3323 997 3387 in
1012 3324 1085 3388 rixis
1101 3345 1109 3388 ι
1128 3332 1284 3405 proventus
1298 3325 1336 3393 nd
1350 3339 1436 3388 suam
1451 3339 1496 3389 se·

238 3432 397 3514 nectutem,
409 3440 592 3521 sanguinent
599 3438 750 3519 spiritibus
758 3439 820 3518 jam
829 3438 1042 3516 indecentibus,
1054 3439 1133 3519 qnod
1143 3444 1258 3516 caveat,
1269 3448 1316 3504 est
1326 3437 1498 3518 acquirendi

237 3550 393 3631 cupiditas.

279 3923 322 4005 (1)
337 3936 451 3996 Mortuo
474 3933 549 3997 Wen
561 3934 660 4016 regulo
674 3929 687 4006 (
697 3913 737 4000 ἶ
755 3914 824 4010 ὦ),
848 3937 957 3998 occisus
973 3946 1016 3997 est
1029 3935 1127 4011 heres,
1146 3932 1175 3998 'et
1189 3945 1301 3998 evectus
1321 3936 1357 3996 ad
1375 3955 1497 4015 reguum

234 4047 341 4109 nothus
355 4049 440 4109 Sinon
457 4023 514 4124 Ξ,
536 4070 622 4129 quem
641 4051 730 4111 sumti
746 4058 810 4111 nant
823 4049 915 4128 reguli
929 4038 1060 4128 T‘oheng
1077 4022 1132 4124 ἃ,
1155 4050 1247 4128 Siang
1258 4024 1320 4125 ᾖ,
1342 4030 1492 4115 Tchooffl

147 4216 149 4219 .
234 4169 267 4221 et
280 4160 357 4240 Ting
372 4138 429 4239 23
444 4181 481 4222 ex
495 4183 529 4223 eo
543 4172 669 4242 tempore
688 4162 840 4223 declinavit
854 4163 1072 4237 administratio,
1096 4172 1125 4221 et
1139 4162 1290 4240 vectigalia
1303 4165 1341 4223 nd
1354 4172 1411 4223 tres
1424 4181 1495 4243 prte-

234 4283 365 4353 potenteo
385 4275 509 4336 familiar
530 4277 713 4349 transierunt,
735 4295 799 4354 queo
813 4295 850 4337 ex
863 4278 952 4337 tribus
975 4277 1062 4336 Hoan
1077 4275 1162 4336 Ducis
1175 4279 1184 4336 l
1199 4257 1240 4337 Ε
1257 4255 1297 4336 Q}
1308 4269 1321 4341 )
1333 4275 1429 4336 nothis
1441 4276 1498 4335 ori·

233 4389 325 4456 undoe,
335 4389 384 4467 jnn
396 4390 455 4449 imo
463 4391 545 4468 regni
556 4407 625 4449 mox
634 4391 689 4450 sibi
698 4390 887 4450 vindicarunt.
908 4390 1133 4450 Vindicaverant
1142 4390 1204 4467 jam
1214 4410 1233 4447 a
1243 4399 1364 4466 quatuor
1377 4407 1497 4466 genere·

232 4502 366 4576 tionibus,
377 4522 446 4563 αωι
455 4503 577 4564 'manduit
586 4503 617 4563 in
626 4502 672 4563 his
682 4501 798 4565 familiia
810 4502 981 4565 ᾶοιηωωηηι
994 4503 1120 4564 minister
1134 4498 1220 4581 Yang
1229 4503 1275 4575 bo,
1286 4503 1323 4562 de
1333 4522 1390 4579 qno
1401 4499 1497 4580 Caput

231 4634 348 4690 mm,
364 4616 447 4676 etsie
461 4617 609 4695 praefntem
624 4614 635 4685 (
649 4610 673 4676 §-
688 4619 716 4675 2.
729 4605 742 4681 )
757 4616 887 4677 Οοηωηίἰ
901 4617 1070 4678 sententiam
1086 4617 1201 4677 effeetus
1214 4615 1416 4694 comprobavit.

270 4723 316 4800 (2)
340 4706 392 4789 ff
410 4750 474 4808 pao,
489 4751 594 4804 amare,
608 4729 758 4807 delectari3
775 4705 826 4791 Q
843 4750 890 4809 yo,
904 4733 1027 4808 munica3
1043 4710 1095 4794 Q
1110 4729 1147 4805 lo,
1161 4729 1277 4803 deliciae,
1291 4727 1390 4789 interi.
