3574 5666
579 512 741 555 massanos
761 512 952 557 amundus
971 512 1061 555 nuans
1405 501 1445 560 95

216 608 250 689 a?
273 622 465 704 Quicumque
487 624 609 689 instruit
636 624 735 699 rudos,
764 623 852 689 debet
878 625 1027 704 explicare
1053 633 1085 690 et
1110 627 1258 705 evolvere,
1289 628 1445 694 enucleate

173 736 327 802 disserere
341 739 467 819 antiqua
482 737 661 813 testimonia,
679 737 863 819 distinguere
876 739 1003 818 phrases
1014 744 1045 803 et
1057 738 1161 806 incisa.
1177 776 1222 788 -
1236 740 1291 815 Qui
1305 741 1443 818 addiscit,

174 850 267 915 debet
280 850 394 916 nabere
407 851 573 916 exordium.
590 851 786 916 Parrulorum
800 851 923 916 scienta
936 851 1073 916 absoluta
1097 849 1153 937 (1),
1173 854 1300 937 attinget
1316 861 1446 935 quanm

175 964 283 1028 libros.
323 963 413 1030 liter
439 963 666 1039 sententiarum
695 964 819 1041 scilicet,
856 964 963 1047 viginti
989 965 1134 1043 articulis,
1171 983 1275 1035 omnes
1308 967 1446 1048 discipuli

176 1076 333 1142 memorie
346 1078 565 1160 consignarunt
577 1077 688 1157 optima
702 1079 879 1143 documenta
902 1097 911 1142 ε
934 1078 1010 1143 liber
1031 1079 1149 1144 Montsii
1170 1088 1284 1160 septem
1300 1081 1446 1160 capitibus

176 1190 358 1268 absolvitur,
377 1191 507 1272 explicat
520 1191 695 1271 sapientiam
713 1198 743 1256 et
756 1192 910 1268 nrtutem,
932 1191 1070 1259 edisserit
1090 1193 1230 1272 pietatem
1243 1201 1273 1259 et
1284 1193 1442 1273 justitiam.

177 1302 237 1377 (tui
249 1304 320 1369 tecit
333 1310 475 1371 constans
488 1304 619 1371 madium
631 1310 678 1371 est
690 1303 822 1369 mutum
836 1320 928 1385 nepos
947 1304 985 1370 lli
997 1303 1039 1389 (2)
1068 1324 1075 1371 :
1100 1307 1243 1385 medium,
1272 1323 1324 1372 sou
1339 1312 1446 1373 nontro

177 1417 353 1495 declinans;
368 1425 521 1494 constans,
534 1434 587 1482 sou
596 1433 654 1482 non
664 1418 815 1483 mutabile.
832 1416 888 1491 Qui
899 1417 1114 1501 taoitmagnam
1125 1419 1279 1487 scientiam
1289 1420 1447 1502 ssthsng

177 1537 238 1608 tse,
254 1531 306 1611 qui
319 1545 337 1594 a
351 1531 398 1595 sui
411 1530 592 1612 portentione
612 1530 789 1611 familiaque
811 1531 996 1599 ordinatione
1018 1534 1203 1612 ponentem
1217 1532 1302 1616 regni
1316 1532 1445 1618 pacato·

177 1659 251 1708 nem
269 1644 446 1724 imperiique
466 1644 645 1727 gubernium
655 1641 711 1729 (3).
728 1679 773 1692 -
787 1644 910 1709 Pietatis
927 1645 1004 1710 libro
1021 1646 1173 1712 intellecto
1189 1644 1245 1730 (4),
1261 1652 1447 1727 quatuorque

80 1826 86 1837 ,
177 1756 266 1821 libris
279 1757 441 1835 concoctis,
457 1760 555 1837 quoad
569 1775 621 1822 seu
634 1759 804 1835 canonicos,
820 1765 892 1824 tunc
905 1766 1046 1839 potemnt
1060 1760 1191 1843 praeleqi.
1225 1759 1313 1825 iiior
1334 1758 1446 1824 darmi-

178 1886 267 1948 num,
282 1869 455 1948 Annalium,
470 1871 680 1947 Mutatiouum,
696 1872 806 1953 duplex
817 1871 940 1935 ltituum
951 1871 1037 1949 liber,
1049 1873 1135 1938 Veris
1144 1872 1346 1952 Autumnique
1356 1872 1446 1937 doro·

178 1984 261 2059 nica,
283 1989 429 2050 vocantur
441 2000 495 2048 san
508 1985 653 2061 manniri,
676 1984 727 2065 qui
740 1985 847 2050 debent
861 1984 1003 2065 explicari
1016 1991 1047 2050 et
1059 1986 1206 2069 indagari.
1230 1984 1362 2052 liabetur
1375 1986 1448 2050 Lien

179 2097 272 2174 chan,
297 2104 360 2162 tum
377 2097 451 2165 Koei
469 2104 569 2180 maog,
591 2103 656 2163 tum
673 2099 794 2165 lctoou
811 2098 833 2175 l,
856 2098 964 2178 triplex
984 2098 1052 2162 libri
1075 2099 1272 2164 llutadonum
1303 2098 1448 2179 expositio

182 2206 241 2294 (5).
269 2212 379 2278 llatam
399 2216 512 2279 statuta
540 2218 570 2276 et
597 2212 733 2289 consilia,
756 2218 860 2281 erant
878 2212 1096 2281 admonitiones
1119 2218 1149 2278 et
1169 2213 1320 2290 mandata,
1346 2217 1450 2281 ortam

222 2450 269 2528 (1)
290 2456 348 2516 Hic
360 2455 431 2518 liber
444 2477 463 2515 a
475 2458 600 2516 Doctore
621 2454 721 2516 Tchon
736 2456 778 2514 Hi
790 2474 828 2515 ax
841 2455 927 2515 variis
948 2454 1119 2516 Auctoribus
1139 2455 1317 2534 compilatos,
1339 2457 1401 2534 agit
1422 2461 1448 2517 1.

180 2571 218 2631 da
232 2578 318 2630 rectae
331 2569 488 2648 disciplina
505 2570 699 2646 institutions3
722 2572 749 2629 2.
769 2568 806 2628 do
819 2567 988 2646 quintuplici
1009 2567 1133 2630 hominis
1145 2568 1292 2642 relatione,
1312 2569 1387 2629 inter
1398 2590 1451 2648 pa·

181 2692 257 2744 mem
280 2691 310 2744 et
331 2681 425 2757 fliium,
453 2702 549 2762 mfflm
571 2690 600 2742 et
621 2682 790 2756 ministrum,
813 2682 947 2740 maritum
964 2689 994 2741 et
1015 2699 1144 2756 uxorem,
1161 2682 1304 2758 juniorem
1325 2690 1356 2743 et
1375 2682 1451 2742 sani·

182 2816 272 2870 orem,
286 2797 410 2857 amicum
422 2803 452 2856 st
464 2798 605 2873 amioum3
622 2798 649 2856 d.
663 2795 698 2855 da
711 2795 756 2857 sui
768 2794 872 2867 studio,
891 2812 940 2854 seu
954 2793 990 2854 de
1003 2794 1104 2867 cordis,
1118 2795 1272 2867 modestia,
1287 2794 1404 2855 restitus
1419 2803 1450 2855 et

181 2911 277 2970 uictus
288 2908 410 2988 regulis3
433 2913 461 2969 4.
475 2909 511 2970 de
524 2908 704 2986 antiquitatis
717 2907 909 2986 indagatione,
929 2926 979 2967 seu
992 2909 1028 2968 de
1041 2907 1196 2986 priscorum
1209 2909 1240 2967 in
1252 2908 1379 2986 superins
1391 2908 1450 2968 dio·

181 3031 215 3083 ta
228 3022 382 3103 exemplis3
410 3026 437 3085 6.
464 3022 501 3083 da
521 3021 662 3102 preclaris
675 3022 864 3083 recentiorum
880 3020 964 3083 dictis
976 3029 1007 3084 st
1019 3021 1116 3099 gestis,
1130 3022 1168 3084 ad
1181 3042 1215 3082 ea
1230 3021 1290 3102 ipsa
1304 3019 1451 3099 explican-

181 3137 223 3196 da
242 3144 274 3195 ot
285 3135 505 3215 comprobanda.
1344 3130 1348 3135 ’

225 3239 271 3318 (2)
292 3248 423 3310 Goniocii
443 3267 541 3327 nepos,
562 3249 687 3308 famosus
704 3226 743 3310 ³?
759 3228 810 3321 iii,
833 3256 1008 3325 agnomento
1030 3246 1079 3306 Ki.
1100 3249 1158 3308 Hic
1171 3248 1221 3308 alii
1232 3249 1350 3325 legunt:
1369 3249 1450 3307 Fecit

181 3372 313 3423 eominus
325 3364 444 3421 omeliam
457 3363 511 3421 Tac
522 3381 550 3422 cc
557 3361 726 3439 pennicillas
743 3341 782 3424 ⁵?
798 3342 840 3424 Β
857 3338 907 3426 ξ
933 3361 970 3419 In
983 3360 1145 3439 hujusmodi
1158 3364 1235 3423 enirn
1249 3359 1359 3435 libellis,
1374 3362 1452 3420 anti·

181 3476 303 3556 quitatis
315 3474 408 3553 sigillo
421 3475 500 3538 haud
519 3476 697 3548 consecratis,
720 3473 803 3533 facile
818 3483 968 3536 occurrunt
981 3473 1113 3537 editionis
1127 3475 1311 3537 diuersitatea
1333 3473 1375 3534 At
1388 3473 1451 3535 hmo

181 3588 292 3650 nullius
304 3597 372 3648 sont
386 3588 523 3650 momenti
531 3612 540 3664 3
549 3586 613 3664 jam
626 3587 751 3647 innuisse
763 3588 841 3647 satia

224 3694 271 3769 (3)
288 3678 327 3764 ss
343 3678 384 3769 (Ῐ
399 3710 429 3762 at
445 3677 541 3766 ((3
557 3701 651 3763 Erant
664 3700 840 3778 trigesimum
854 3701 977 3778 primum
989 3708 1019 3759 at
1032 3700 1280 3780 quadragesimum
1296 3702 1452 3763 meandum

181 3824 273 3896 caput
285 3815 459 3878 Memorialis
472 3814 603 3876 Rituum:
624 3832 662 3875 ex
675 3832 732 3891 quo
745 3813 847 3874 aduxit
859 3813 1056 3874 celeberrimos
1069 3815 1206 3894 interpres
1220 3813 1321 3877 Tchon
1335 3813 1386 3877 Hi
1401 3815 1452 3878 Id·

182 3930 260 3993 circo
272 3950 307 3990 ea
319 3937 385 4007 post
397 3928 514 3990 Mentaii
526 3945 597 4006 opus
609 3927 658 3991 hio
671 3935 870 3989 memorantur.

223 4034 273 4115 (4)
290 4041 401 4102 Filielis
414 4041 530 4120 piatatis
542 4039 615 4100 liber
627 4041 763 4119 quasdam
777 4038 972 4120 complectitur
983 4040 1187 4119 rmponsionss,
1209 4058 1283 4118 quas
1297 4039 1452 4105 donnolus

182 4155 322 4236 discipulo
342 4174 392 4217 auo
413 4154 510 4232 Tseng
522 4162 566 4215 tsa
587 4153 623 4214 do
636 4153 732 4217 debito
754 4172 823 4230 erga
844 4160 975 4232 parentes
987 4152 1065 4216 cultu
1078 4154 1167 4227 dedit,
1195 4173 1281 4231 qnam
1294 4153 1332 4213 ad
1345 4153 1452 4217 bonnm

182 4272 296 4350 imperii
308 4269 437 4347 regimen
451 4269 576 4328 maxime
589 4267 741 4328 conducere
755 4266 888 4329 affirmat.

223 4374 269 4456 (5)
282 4384 343 4446 Sex
359 4378 506 4455 canonici,
520 4380 563 4441 ita
576 4380 646 4441 dicti
659 4380 734 4457 qnod
747 4397 844 4440 eoram
857 4378 989 4440 doctrina
1010 4379 1197 4441 immutabilis
1210 4381 1248 4440 sit
1261 4380 1328 4441 ritca
1341 4379 1453 4457 regula,

180 4499 334 4560 continent
348 4475 389 4560 ff
409 4472 459 4557 Β)
480 4493 587 4555 Verum
600 4493 672 4555 libor
684 4492 879 4553 mutationum
891 4492 1015 4573 triplex3
1029 4494 1135 4571 primus
1149 4493 1271 4572 pertinet
1281 4493 1319 4553 ad
1332 4490 1396 4552 Fon
1410 4492 1454 4566 hi,

181 4614 233 4691 qui
245 4611 347 4691 incipit
361 4631 381 4671 a
393 4607 500 4669 muntIs
512 4607 699 4682 emblemate3
712 4604 784 4666 aiter
796 4604 916 4666 refertum
929 4606 966 4666 ed
981 4603 1062 4666 Chen
1074 4625 1162 4683 nong,
1182 4606 1232 4682 qui
1245 4605 1344 4685 incipit
1358 4625 1376 4664 a
1393 4613 1449 4668 ter·

179 4744 219 4788 1ae
232 4726 426 4800 emblemate;
438 4722 546 4795 tertius,
556 4722 606 4802 qui
616 4720 646 4780 in
659 4719 761 4811 scholis
774 4719 932 4801 prevaluit,
946 4727 991 4779 est
1003 4740 1021 4778 a
1034 4717 1108 4778 Wen
1123 4738 1216 4796 weng.

1205 4825 1211 4836 '
1336 4832 1371 4890 13
