3556 5664
542 528 638 573 caeru
658 527 815 572 moounuu
828 543 869 557 ·-
880 528 955 571 exea
974 528 1064 572 aaron
1380 514 1442 572 419

165 641 366 717 vitalitatem3
385 657 477 722 quare
489 637 548 726 (lit
564 641 727 720 Respondit
739 658 747 704 ε
760 641 786 705 si
796 657 881 705 mens
896 641 948 704 uni
963 641 1138 721 applicetur,
1157 641 1257 705 statim
1273 646 1444 706 commovet

165 755 307 835 spiritum
323 756 466 832 vitalem;
484 755 508 819 si
523 754 645 834 spiritus
667 753 765 817 vitalis
780 756 863 819 solus
877 762 1029 834 operatur,
1048 771 1117 819 mox
1132 754 1272 819 excitabit
1293 755 1439 818 animum.
1515 825 1522 833 g

166 867 343 945 Enimvero,
362 870 401 931 sit
416 869 465 949 qui
480 868 619 934 cadatvcl
632 875 748 943 currut;
767 875 812 932 est
823 867 1052 946 vitalisspiritus
1062 867 1111 947 qui
1123 875 1282 948 operatur,
1295 874 1325 932 et
1341 875 1442 932 umen

166 998 274 1045 rursus
299 988 469 1046 commovet
493 982 590 1060 ipsum
615 982 759 1044 animum.
789 980 892 1044 Ausim
918 980 1136 1063 interrogare:
1162 983 1306 1063 magister
1328 982 1358 1044 iu
1382 995 1442 1060 quo

165 1096 299 1159 altemm
321 1101 463 1174 superata
492 1094 654 1174 Respondit
671 1113 678 1156 :
696 1109 754 1176 ego
769 1095 905 1176 intelligo
921 1094 1023 1169 verba,
1041 1110 1097 1177 ego
1114 1094 1169 1158 rite
1184 1095 1232 1159 alo
1248 1110 1344 1159 meam
1361 1110 1441 1158 com·

166 1209 280 1288 pletam
303 1209 445 1273 sensilem
467 1207 652 1272 vitalitatem.
681 1206 785 1271 Ausim
804 1208 1003 1289 interrogare,
1027 1207 1168 1287 quidnam
1190 1207 1339 1290 significet
1353 1208 1442 1287 plena

165 1321 288 1385 seusdis
305 1321 445 1394 vitalitas.
469 1321 651 1402 Respondit:
664 1320 781 1386 difficile
795 1322 875 1385 dictu
890 1321 1021 1400 quidem.
1044 1321 1219 1400 Huiusmodi
1234 1321 1353 1385 sensilis
1366 1321 1441 1384 vita·

165 1435 248 1511 litas,
267 1433 398 1498 maxime
413 1443 458 1498 est
473 1436 572 1515 ampla
588 1434 717 1498 maxime
732 1433 828 1510 tortis,
845 1441 879 1497 ut
889 1434 914 1497 si
925 1434 981 1498 rite
995 1434 1059 1497 alas
1069 1441 1099 1498 et
1113 1434 1236 1498 minime
1250 1435 1352 1511 laudas,
1370 1439 1443 1499 tune

166 1548 331 1627 adimpleat
346 1548 424 1628 quod
439 1550 550 1613 coeluur
572 1555 741 1626 terramque
763 1547 919 1626 interjacet
936 1544 1005 1631 (R):
1030 1546 1199 1627 huiusmodi
1222 1549 1301 1612 enim
1322 1547 1442 1611 sensilis

165 1661 303 1725 vitalitas
324 1661 450 1725 inservit
474 1662 605 1741 aequitati
629 1671 719 1739 atque
744 1661 910 1737 inueniet
928 1660 993 1724 siue
1015 1661 1066 1724 illa
1090 1660 1293 1725 daccescimus
1316 1657 1372 1744 (3).
1399 1662 1442 1724 Ea

166 1781 271 1841 autem
285 1781 340 1851 est,
361 1790 451 1854 quam
473 1774 616 1840 cumulati
636 1773 757 1852 iustitiae
772 1780 857 1838 actus
871 1774 1054 1853 producunt;
1076 1789 1136 1837 non
1151 1775 1230 1853 quod
1245 1774 1341 1837 bouus
1355 1778 1441 1837 actus

166 1902 317 1970 aggressu
331 1888 393 1967 jam
409 1895 509 1953 teneat
523 1887 606 1951 illam
619 1884 673 1970 li).
693 1887 723 1950 Si
733 1888 813 1952 enim
828 1887 944 1968 agendo
958 1887 1073 1952 accidat
1083 1894 1115 1950 ut
1130 1904 1189 1952 uon
1200 1874 1294 1951 sir'nus
1308 1886 1442 1952 contenti

166 1999 198 2064 iu
213 2002 318 2078 eorde,
337 2007 407 2066 tunc
426 2002 520 2082 ieiuni
540 1999 742 2065 tlaoeescimus
759 2021 766 2064 :
788 2007 819 2064 et
833 2016 890 2082 ego
905 2000 971 2065 ideo
986 2000 1131 2078 dicebam,
1148 2001 1213 2066 llao
1229 2000 1441 2081 philosophum

168 2128 324 2193 uunquam
349 2115 526 2196 cognovisse
551 2113 709 2194 justitiam,
736 2114 805 2193 quia
829 2114 893 2194 ipse
917 2114 1094 2178 exteriorem
1120 2113 1242 2195 putabat
1268 2113 1350 2177 illam
1377 2115 1438 2190 (5).

168 2226 295 2306 Oportet
315 2234 417 2295 autem
440 2228 548 2294 trabere
570 2242 704 2307 operam,
721 2234 753 2292 at
767 2227 842 2291 nilril
857 2243 1031 2307 praesumas
1047 2225 1103 2311 (dg
1121 2229 1240 2292 animus
1255 2243 1352 2307 neque
1366 2225 1439 2292 obli·

168 2340 257 2405 vione
272 2341 420 2424 negligat,
437 2358 534 2421 neque
549 2347 656 2423 urgeat
671 2340 887 2405 incrementum
900 2342 967 2421 (7);
986 2358 1024 2406 ne
1041 2342 1083 2404 sis
1097 2341 1183 2421 quasi
1204 2342 1287 2422 Soug
1311 2339 1441 2405 hominis

168 2453 276 2517 instar.
321 2454 418 2537 Regni
444 2455 526 2538 song
551 2455 640 2519 domo
655 2454 731 2536 luit,
758 2454 808 2534 qui
832 2455 937 2518 duleus
961 2470 1032 2517 suas
1055 2461 1173 2537 segetes
1198 2470 1256 2518 uon
1284 2454 1437 2537 grandive,

169 2567 298 2630 extraxit
313 2583 375 2632 cas.
398 2567 502 2632 Obtusi
516 2568 612 2631 instar
626 2583 776 2643 reversus,
799 2567 988 2647 compellavit
1004 2583 1074 2631 suos
1090 2567 1226 2632 homines
1240 2566 1342 2631 dicens
1359 2587 1367 2629 ε
1386 2568 1438 2631 he·

169 2679 272 2743 dierna
287 2681 333 2744 die
349 2681 483 2745 defessus
499 2697 580 2758 sum3
608 2696 665 2763 ego
680 2680 779 2761 adiuvi
801 2688 918 2763 segetes
933 2696 1077 2745 crescere.
1109 2681 1181 2759 Ejus
1198 2680 1249 2743 tilii
1264 2680 1439 2745 testinantes

169 2792 289 2857 ivemnt
303 2793 401 2858 visum
416 2810 482 2871 cas3
501 2802 618 2877 segetes
632 2810 705 2858 vero
717 2794 780 2874 jam
795 2801 946 2858 aruerant.
969 2794 1003 2858 ln
1015 2794 1140 2874 imperio
1155 2794 1205 2873 qui
1221 2809 1281 2858 nou
1296 2793 1440 2873 adjuvant

170 2914 287 2991 segetes
309 2922 455 2985 creseere,
479 2908 565 2988 pauci
584 2917 665 2971 suut.
688 2906 743 2979 Oui
758 2907 929 2972 existimant
944 2907 986 2970 nil
1001 2908 1143 2987 prolicere
1158 2915 1186 2972 et
1203 2923 1267 2972 rom
1282 2908 1436 2984 deserunt,

169 3395 243 3455 iuter
255 3395 358 3456 ooelum
368 3404 398 3456 et
408 3403 522 3455 terram.
545 3396 655 3456 Medius
669 3404 764 3455 autem
777 3415 836 3455 ease
848 3395 922 3455 iuter
934 3395 1036 3456 coelum
1047 3403 1077 3455 et
1088 3403 1202 3467 terram,
1213 3394 1298 3472 juxta
1311 3393 1437 3454 ethicam

169 3508 319 3581 anensem,
330 3518 374 3569 eat
383 3507 454 3568 illud
464 3510 565 3586 juvare
579 3510 675 3568 omnia
685 3519 712 3570 et
722 3511 801 3568 anirv'
811 3512 877 3567 coeto
885 3520 911 3568 et
918 3523 1000 3569 teram
1014 3510 1116 3582 tertias,
1127 3508 1163 3567 de
1173 3528 1230 3585 quo
1245 3483 1336 3571 Η
1348 3507 1373 3574 §-
1387 3511 1435 3567 22.

171 3619 253 3681 Tolle
267 3622 422 3700 pmioues,
435 3621 527 3682 delicit
539 3622 668 3694 audatia,
682 3621 823 3682 llaoeeacit
836 3622 956 3683 animus

208 3724 253 3803 (4)
272 3733 342 3795 Nou
355 3734 459 3795 suffieit
471 3753 545 3795 uuus
558 3742 609 3794 aut
623 3732 693 3795 alter
706 3734 824 3811 justitiae
842 3743 922 3796 actuo
934 3736 973 3795 ad
985 3734 1187 3813 acquirendam
1200 3731 1289 3794 illam.
1315 3705 1356 3796 fl
1369 3734 1437 3794 ado·

169 3847 231 3919 τίνι,
244 3867 278 3907 eac
291 3847 437 3926 iraqarooaao
449 3849 574 3926 aggredi,
587 3847 658 3909 belle
672 3847 720 3907 hic
733 3847 867 3926 exprimit
881 3867 937 3908 uno
950 3857 1015 3909 actu
1030 3868 1167 3926 occupare
1181 3860 1211 3909 et
1224 3856 1320 3908 tenere
1334 3866 1405 3908 rem.

208 3951 256 4030 (5)
274 3961 346 4020 Para
358 3959 467 4020 sensilis
478 3960 584 4021 rationi
596 3959 679 4040 plene
692 3961 924 4021 subordinabitur
934 3981 983 4040 per
992 3961 1143 4021 continuos
1159 3962 1268 4021 virtutis
1282 3969 1370 4035 aetus,
1385 3962 1437 4039 qui

170 4092 207 4132 ex
223 4073 307 4135 oorde
323 4075 453 4133 oriantur
469 4082 595 4152 oportet;
614 4074 741 4151 adeoque
758 4073 872 4134 errabat
891 4073 957 4134 Kao
969 4082 1010 4134 tae
1024 4092 1151 4134 merens
1164 4074 1306 4153 justitiam
1325 4093 1384 4134 non
1404 4076 1436 4135 in

170 4186 252 4247 corde
265 4180 427 4260 consistere,
448 4196 480 4245 ut
493 4188 584 4265 capite
597 4195 679 4247 sexto
694 4188 786 4248 videre
800 4194 851 4248 eat.

209 4290 256 4372 (o)
276 4281 326 4374 ff,
337 4308 382 4359 eat
394 4299 583 4379 anticipatum
596 4319 708 4379 sperare
719 4310 747 4361 et
758 4300 840 4378 quasi
852 4300 993 4379 praefinire
1007 4301 1139 4361 eflectum
1154 4301 1212 4362 :aio
1226 4279 1266 4361 ᾖ
1279 4280 1317 4361 {fi
1331 4282 1372 4361 Ε
1384 4275 1435 4375 ff,

170 4410 243 4471 bello
256 4431 314 4472 uon
327 4413 524 4492 praesumenda
537 4413 664 4473 victoria.

207 4516 252 4594 (7)
272 4523 343 4586 Para
361 4523 472 4586 sensilis
488 4545 557 4603 ergo
575 4545 632 4585 uon
650 4526 866 4604 pessumdanda,
884 4527 935 4588 aed
952 4528 1165 4589 subordinanda
1184 4550 1192 4587 a
1209 4527 1434 4588 mbordinatioui

169 4637 234 4698 haio
245 4658 355 4719 semper
367 4639 481 4699 studere
493 4639 586 4711 debeo,
597 4649 627 4699 et
640 4641 807 4701 aieffectum
820 4639 924 4701 laboris
939 4662 996 4702 uon
1009 4641 1108 4702 atatim
1128 4642 1263 4719 attingas,
1278 4660 1337 4701 uon
1351 4660 1433 4719 prop·

170 4758 245 4814 terea
257 4753 342 4816 debeo
355 4751 483 4814 oblivisci
496 4770 567 4832 opus
580 4753 732 4834 inceptum,
748 4763 797 4815 aut
811 4773 986 4836 praepropere
1000 4754 1071 4817 velle
1085 4753 1145 4832 ejus
1157 4755 1372 4815 incrementum.
