3524 5652
500 509 596 553 curor
614 508 756 560 orasrun
770 524 812 537 -
824 508 898 551 rans
916 508 1080 552 rosrsuron
1366 497 1425 555 515

154 641 280 705 sumque
297 620 308 708 (
332 621 357 708 ),
379 623 501 688 odendit
514 621 579 702 eius
600 621 712 686 fontem
729 618 784 706 (2).
814 622 883 686 ldeo
899 622 1018 702 sapiens
1037 621 1118 702 cupit
1133 622 1196 702 ipse
1211 622 1290 687 ultro
1305 622 1426 702 assequi

153 738 236 801 illam
255 735 311 821 (3).

213 852 265 915 15.
289 850 436 915 lientsins
451 849 549 914 subdit
565 869 573 912 ε
590 848 655 913 ideo
673 845 715 932 (i)
733 850 831 929 ample
847 856 932 914 vacat
947 850 1044 915 studio
1059 850 1221 929 sapientiae
1231 856 1261 913 et
1271 851 1426 915 enucleate

153 965 292 1028 edisserit
306 965 403 1040 illam,
421 963 553 1027 tacturus
568 969 602 1025 ut
617 969 754 1041 repetens
770 962 945 1027 resumatis
962 979 1122 1027 summam.

212 1078 265 1142 16.
290 1077 435 1142 blentsius
450 1076 516 1139 ait:
535 1092 588 1156 per
602 1076 648 1138 sui
665 1075 805 1138 virtutem
825 1076 970 1154 subjicere
984 1077 1071 1151 alios,
1095 1077 1225 1142 noudum
1246 1077 1302 1141 init
1316 1076 1366 1157 qui
1382 1075 1426 1141 sio

152 1190 284 1271 potuerit
305 1190 451 1270 subjicere
473 1190 609 1253 homines
626 1208 634 1251 ε
653 1204 706 1268 per
721 1188 862 1252 virtutem
883 1189 1024 1254 reformet
1043 1191 1129 1266 alios,
1147 1197 1178 1254 et
1191 1190 1297 1254 deinde
1316 1188 1426 1269 poterit

153 1304 301 1384 subjicere
317 1303 491 1383 imperium3
515 1302 639 1382 imperio
659 1317 718 1366 non
734 1303 823 1367 corde
842 1303 987 1383 subjecto,
1011 1311 1044 1367 nt
1059 1303 1127 1383 quis
1146 1305 1328 1385 regnaverit,
1352 1319 1424 1368 non·

152 1417 222 1481 dum
238 1417 268 1480 id
285 1417 383 1481 extitit
400 1413 455 1501 (5).

211 1533 264 1595 17.
289 1531 434 1619 lientsins
448 1531 489 1594 ait
508 1552 515 1594 :
534 1529 692 1595 verborum
715 1531 831 1595 nullum
847 1547 950 1595 revera
965 1537 1011 1594 est
1026 1529 1189 1595 infaustum
1207 1549 1214 1595 :
1232 1530 1354 1595 infausti
1376 1545 1426 1594 ve·

154 1660 217 1708 ram
232 1652 348 1721 notam,
368 1643 447 1723 quod
463 1645 562 1709 obruit
576 1643 733 1723 sapientes,
755 1655 887 1710 meretur
902 1644 985 1708 illam
1003 1642 1058 1728 (6).

213 1759 264 1823 18.
288 1757 458 1836 Discipulos
473 1758 524 1821 Sin
536 1765 580 1821 tse
590 1757 632 1819 ait
649 1776 657 1819 ε
675 1757 833 1822 Goniucins
843 1759 1014 1836 frequenter
1028 1758 1213 1822 exclamabat
1222 1759 1252 1822 in
1263 1773 1371 1839 aquam
1382 1758 1426 1822 di·

153 1888 222 1936 cens
235 1891 243 1934 ε
257 1884 376 1951 oaqua,
394 1879 514 1951 oaqual
533 1871 603 1950 quid
618 1870 781 1935 deducebat
795 1871 832 1935 ab
846 1877 946 1950 aqna?
966 1871 1111 1935 hientsius
1125 1871 1167 1935 ait
1183 1892 1191 1935 ι
1209 1889 1246 1937 ex
1262 1872 1342 1936 lonte
1358 1872 1426 1936 viva

152 1986 300 2065 aqualata
309 1984 476 2048 scaturiens
486 2000 546 2049 non
557 1990 654 2049 cessat
663 1982 710 2047 die
721 1992 880 2064 noctuque,
892 1984 996 2064 implet
1007 1984 1102 2049 lossas
1112 1993 1142 2049 et
1152 1984 1219 2050 dein
1232 1983 1426 2068 progrediens

154 2098 341 2179 pervenitad
357 2103 485 2176 quatuor
500 2098 605 2162 maria.
628 2095 709 2168 Quae
724 2097 814 2161 habet
829 2098 953 2174 lonmm,
972 2098 1012 2161 ita
1027 2105 1093 2162 est:
1111 2114 1148 2162 en
1165 2116 1254 2179 quem
1270 2098 1427 2163 hauriebat

153 2227 274 2276 sensum
292 2209 348 2295 (7).
378 2210 410 2274 si
429 2212 468 2274 sit
488 2212 629 2275 destituta
651 2211 748 2287 lonte3
770 2212 913 2291 septimae
933 2212 980 2275 vel
1001 2218 1123 2276 octavae
1138 2211 1299 2277 tonationis
1314 2212 1423 2290 medio,

153 2340 219 2389 cum
236 2325 349 2405 pluviis
367 2326 500 2389 collectis
515 2325 622 2390 duetus
637 2331 668 2388 et
681 2323 839 2389 canaliculi
858 2340 963 2390 omnes
983 2326 1182 2405 complentur,
1205 2327 1313 2391 horum
1333 2326 1425 2392 sicca·

153 2439 261 2502 tionem
279 2438 394 2519 poteris
408 2439 513 2503 stando
528 2445 696 2520 expectare.
714 2437 784 2502 ideo
794 2439 820 2501 sl
830 2437 960 2503 nominis
975 2438 1054 2502 tama
1069 2448 1189 2519 superet
1200 2439 1243 2504 rei
1254 2440 1423 2516 veritatem,

152 2551 269 2631 sapiens
285 2551 445 2616 erubescet
459 2553 553 2616 illam.

210 2665 262 2730 19.
286 2665 434 2729 hientsius
449 2666 491 2729 ait
508 2684 516 2729 ε
535 2667 625 2730 homo
639 2681 674 2729 er
691 2682 751 2745 quo
771 2665 905 2729 differta
927 2665 1033 2743 brutis,
1057 2667 1206 2731 tantillum
1226 2672 1289 2742 est;
1315 2666 1425 2748 vulqus

154 2777 225 2843 illud
240 2778 356 2860 abjicit,
374 2779 574 2858 sapiensillud
585 2785 751 2843 conservat.
772 2780 870 2843 Ghoen
881 2778 1053 2862 intelligens
1062 2780 1094 2843 in
1104 2780 1298 2845 universitate
1309 2795 1422 2856 rernm,

154 2892 327 2971 penetrabat
343 2892 373 2955 in
389 2891 544 2956 hominum
559 2892 672 2967 officim
689 2908 725 2955 er
742 2892 927 2956 humanitate
941 2899 972 2957 et
983 2893 1133 2972 aequitate
1149 2894 1268 2976 agebat,
1292 2892 1363 2974 quin
1379 2893 1424 2956 in·

156 3006 288 3071 tenderet
303 3004 521 3069 humanitatem
538 3011 567 3069 et
582 3006 762 3085 aequitatem
779 3002 835 3090 (8).

1114 3178 1202 3185 ——-—-

190 3259 238 3337 (3)
258 3266 417 3328 Abstracta
432 3267 492 3326 hano
505 3277 593 3327 stant:
610 3286 701 3346 porro,
717 3277 749 3327 nt
761 3266 842 3326 iacile
855 3276 898 3326 est
911 3269 1120 3347 persentiscere,
1140 3270 1371 3346 quotiescumque
1387 3271 1425 3331 ad

153 3381 333 3459 onwlogicas
354 3380 483 3439 notiones
495 3380 584 3440 ciuica
597 3381 698 3458 lingua
711 3381 887 3454 transfertur,
907 3380 1012 3459 quippe
1026 3400 1091 3458 qnae
1104 3390 1182 3441 certa
1195 3389 1291 3441 careat
1304 3402 1423 3443 nornen·

152 3493 269 3565 elatura,
286 3493 468 3554 tenebrescat
482 3494 567 3554 dictio
581 3513 725 3553 necessum
739 3503 791 3553 est.

189 3596 236 3674 (4)
257 3607 592 3666 ldeoetuonadvanam
604 3606 1423 3688 ostentationem:sedutiturseientiantasaequatursapi-

152 3718 1421 3800 entiam,amplificatsapientiamutinarnumdeducensprincipinm,ejnsinveniatfontem.

189 3825 237 3903 (5)
255 3831 369 3892 Valens
383 3833 486 3892 virtute
502 3831 653 3913 praeualere
667 3852 726 3892 nou
737 3833 882 3893 submittit
895 3833 948 3892 sibi
961 3832 1086 3913 populos,
1105 3833 1155 3893 scd
1176 3832 1280 3893 virtute
1294 3833 1366 3896 alios
1378 3855 1424 3897 ra·

153 3943 278 4006 formans
291 3954 323 4006 et
336 3945 378 4005 sio
391 3946 445 4005 sihi
458 3946 627 4006 devinciens.

191 4051 237 4131 (6)
264 4062 316 4121 Vel
329 4082 342 4117 .·
356 4060 442 4119 verba
460 4061 522 4119 sine
541 4059 660 4119 veritate
675 4059 798 4119 inlausta
816 4065 897 4136 snut3
912 4059 1038 4137 adeoque
1055 4059 1172 4118 infausti
1187 4079 1283 4119 reram
1297 4061 1421 4141 appella·

155 4171 259 4232 tionem
278 4173 442 4233 obscuratio
468 4173 626 4251 sapientum
652 4181 783 4234 meretur.
809 4173 952 4252 Interpres
977 4180 1073 4232 noster
1096 4173 1245 4232 nescitcni
1268 4173 1421 4237 adhaereat

154 4281 315 4363 Utrumque
331 4293 427 4346 nomm
443 4307 476 4346 eo
490 4285 598 4358 recidit,
613 4296 646 4345 nt
661 4287 747 4346 verba
759 4286 809 4345 illa
824 4305 888 4346 rere
900 4286 1001 4346 nociva
1014 4285 1080 4360 sint,
1094 4303 1159 4362 qnae
1170 4285 1299 4364 maligna
1312 4287 1422 4348 inuidia

155 4398 296 4477 sapientes
309 4420 329 4459 a
343 4398 531 4477 dignitatibus
546 4407 651 4460 arcent.

191 4502 238 4581 (7)
258 4510 364 4573 Recole
379 4511 455 4573 illius
472 4492 512 4574 ᾗ
526 4512 668 4591 propriam
683 4512 740 4573 aim
754 4535 763 4574 a
777 4513 810 4572 id
822 4521 929 4572 mum
941 4511 1103 4572 manem.

193 4615 240 4695 (8)
259 4627 334 4689 cam
343 4627 388 4686 ita
397 4625 618 4705 intelligentiam
632 4625 807 4705 applicuerit,
824 4626 968 4705 aequitatis
981 4624 1056 4686 sotio
1070 4624 1195 4686 naturali
1204 4625 1288 4686 ductu
1300 4632 1330 4685 et
1341 4623 1420 4685 uelut

158 4735 259 4817 absque
274 4748 341 4801 actu
355 4739 464 4803 reflexo
478 4738 658 4820 procedebat.
