3572 5650
337 470 378 525 80
832 482 929 524 uorsa
958 482 1107 523 ranarius

340 579 382 670 bi
397 581 450 669 εἶ
462 598 498 668 le
511 606 630 683 tigridis,
643 606 778 684 pharetra
791 578 904 670 (diiii
918 625 964 661 scu
979 579 1018 666 ᾗ,
1030 583 1069 662 li
1082 608 1092 665 l
1107 623 1143 663 ex
1158 604 1257 662 uaria
1272 603 1344 679 pelle
1357 600 1502 674 confecta3
1518 618 1600 657 arcus

338 743 354 781 e
370 722 447 798 liguo
469 721 555 778 osseis
576 719 723 786 cornibus,
739 718 902 794 imperatori
916 727 977 775 erat
990 718 1126 795 sculptilis
1141 704 1219 789 (tino
1231 694 1283 776 <W
1304 693 1373 785 fil,
1387 711 1491 791 regulis
1515 713 1601 771 rubro

339 834 461 893 venticio
474 834 563 892 illitus
577 819 679 908 (t‘ong
691 808 742 895 (lli
763 808 822 894 E³)
836 830 976 907 toparchia
990 831 1071 907 nigro
1087 831 1206 888 vernicio
1219 831 1357 889 obductus
1370 825 1437 897 (lou
1449 798 1504 893 (ἃ
1522 803 1557 885 ἦ
1571 818 1598 899 );

338 948 453 1023 sngittae
474 946 551 1005 arcui
574 945 785 1022 respondentes,
807 941 910 1002 hastile
924 940 936 1006 (
944 917 995 1001 Ἥ
1010 935 1068 1008 ko)
1082 943 1227 1003 habebant
1250 942 1395 1019 tripedale,
1420 958 1544 1018 pennam
1561 915 1602 997 m

339 1080 404 1120 vcro
419 1079 479 1131 sex,
494 1069 524 1119 et
537 1060 626 1118 aciem
643 1034 684 1117 ‘ll'
699 1058 766 1116 diros
787 1057 901 1135 pollices
922 1058 1048 1134 longum.
1079 1058 1188 1134 Scopus
1201 1057 1269 1113 lacu
1284 1033 1354 1125 ff,
1368 1061 1430 1113 erat
1443 1071 1480 1113 ex
1495 1071 1601 1130 panuq

339 1174 389 1233 sed
405 1174 570 1232 umbilicum
584 1171 708 1231 habebat
722 1172 766 1231 vel
776 1189 813 1231 ex
824 1170 949 1231 belluina
962 1172 1042 1250 pella,
1059 1170 1102 1229 vel
1115 1189 1152 1229 ex
1166 1171 1226 1247 ipso
1240 1190 1334 1248 panno
1348 1167 1477 1244 depict03
1495 1164 1602 1243 primus

339 1288 487 1346 dicebatur
510 1285 623 1362 pellitus
643 1260 704 1354 (li
724 1263 784 1349 ff)
806 1294 835 1343 ct
857 1284 1006 1344 umbilicus
1027 1287 1081 1342 bort
1103 1257 1166 1355 id»,
1188 1284 1261 1343 alter
1283 1284 1387 1342 linteus
1409 1257 1470 1347 (ill
1490 1257 1559 1349 ff),
1574 1286 1603 1336 st

341 1400 492 1459 umbilicus
506 1399 661 1460 vocabatur
673 1398 769 1474 utem
784 1381 845 1459 eff„
869 1396 986 1458 Pellitns
1000 1419 1038 1458 ex
1050 1399 1139 1477 pellis,
1153 1417 1214 1474 qua
1225 1397 1372 1457 umbilicus
1381 1403 1411 1453 ct
1421 1392 1525 1453 limbus
1538 1409 1604 1449 cou-

340 1514 448 1582 sauu,
472 1512 646 1583 utu-astate,
670 1512 768 1588 trgum
790 1508 869 1579 (nou
884 1482 940 1573 ‘ti
955 1489 1024 1581 ff),
1048 1512 1137 1571 amnt
1157 1510 1268 1589 tuton
1283 1481 1335 1586 ,d
1354 1485 1422 1579 ff),
1442 1503 1604 1584 muana

341 1631 414 1703 tpac
432 1603 481 1688 Ἠ)
498 1602 567 1697 ff),
581 1625 686 1685 cervini
701 1620 759 1695 (mi
773 1598 908 1697 (Μ),
922 1627 1006 1686 mixti
1019 1622 1090 1695 (san
1102 1599 1157 1688 ‘iffi
1172 1601 1240 1697 ff),
1254 1624 1352 1684 canini
1364 1615 1462 1699 (agan
1473 1593 1525 1678 dl:
1541 1594 1608 1685 ff)

341 1759 445 1798 nomen
469 1739 641 1799 obtinebat=
662 1738 767 1799 linteus
786 1757 824 1797 es
844 1739 971 1816 picturae,
993 1758 1052 1815 qua
1073 1741 1220 1800 umbilicus
1243 1737 1427 1814 llgnrabatur,
1454 1732 1605 1801 eructate,

342 1853 595 1929 quinquepartitus,
609 1852 778 1928 tripartitus,
792 1851 952 1929 bipartitus,
966 1853 1109 1913 belluatue
1122 1852 1276 1912 dicebatur.
1294 1847 1546 1926 Quinquepertitus
1564 1820 1607 1902 fi

345 1949 388 2026 lf.
405 1941 454 2035 ff,
469 1965 588 2024 miniato
602 1973 709 2035 centro,
723 1965 797 2034 alba,
812 1968 941 2036 coernlsa,
955 1966 1059 2038 indica,
1074 1966 1150 2026 flava
1163 1964 1286 2024 fasciolis
1305 1961 1508 2030 circumducto,
1527 1957 1607 2018 cirris

343 2086 406 2137 arat
419 2077 570 2151 lirnbatus3
587 2079 745 2156 tripartitus
762 2055 800 2135 Ξ
820 2061 862 2138 ffi
879 2058 927 2151 ff,
941 2080 1036 2139 indica
1049 2090 1080 2139 et
1093 2081 1169 2139 flava
1180 2078 1298 2137 fasciola
1311 2076 1495 2150 imminutus3
1513 2071 1608 2148 bipar-

344 2193 415 2251 titus
432 2172 473 2243 ἶ·
489 2174 532 2253 ffi
547 2168 598 2261 ff,
611 2192 699 2251 minio
713 2199 742 2251 ct
757 2191 840 2251 viridi
857 2192 1023 2270 distinmus3
1047 2193 1189 2253 helluatus
1203 2168 1245 2253 R
1263 2168 1313 2263 ff,
1326 2198 1379 2249 aut
1392 2188 1451 2248 ursi
1470 2185 1565 2264 capite
1576 2184 1608 2243 iu

344 2304 409 2363 alb)
422 2310 522 2375 strato,
537 2313 587 2364 aut
600 2305 676 2364 cerui
688 2304 781 2381 capite
793 2305 825 2364 in
838 2305 921 2364 rubro
933 2313 1034 2378 strato,
1047 2316 1099 2365 aut
1111 2306 1226 2383 tigridis
1237 2311 1267 2364 et
1280 2303 1372 2381 pardi,
1383 2310 1436 2360 aut
1449 2299 1524 2361 cerri
1537 2296 1609 2357 suis·

250 2447 265 2478 ο
345 2437 400 2494 quc
420 2417 515 2494 capite
535 2417 686 2495 effigiatm
699 2418 778 2477 cirris
791 2419 863 2478 item
874 2427 936 2479 erat
948 2427 1112 2497 crematus.
1143 2419 1269 2496 Magnus
1280 2436 1330 2477 seu
1342 2416 1437 2491 regius
1449 2431 1549 2490 scopus
1566 2388 1609 2474 J(

348 2508 398 2601 ff,
410 2530 559 2591 corntabat
573 2550 674 2590 uorem
688 2531 777 2608 panni
790 2531 979 2595 commissuris
991 2510 1042 2605 lg,
1053 2542 1087 2591 ut
1098 2531 1201 2609 viginti
1213 2531 1317 2608 pedum
1329 2528 1520 2596 latitudinem,
1531 2532 1609 2584 octo·

345 2643 436 2703 decim
452 2661 518 2703 vero
531 2644 712 2703 altitudinem
732 2645 874 2704 obtineret
888 2666 897 2703 :
909 2646 940 2704 in
953 2646 1078 2723 quinque
1092 2645 1282 2705 commissuris
1300 2641 1484 2711 intermediis,
1498 2639 1609 2697 decens

346 2757 417 2834 pedu
431 2756 460 2815 in
473 2757 613 2830 quadrum
627 2757 817 2817 circuruducta
829 2758 976 2817 dicebatur
989 2758 1090 2836 corpus'
1101 2735 1151 2831 fi,
1161 2757 1242 2833 eujus
1256 2756 1348 2816 medic
1360 2762 1421 2815 erat
1434 2752 1608 2830 sagittarum

346 2877 426 2929 mota
439 2841 491 2940 ἦ,
504 2887 556 2929 sex
569 2871 600 2929 iu
613 2870 754 2946 quadrum
774 2872 855 2949 pedes
876 2871 953 2946 lata3
976 2881 1094 2949 quantor
1107 2893 1172 2932 vcro
1185 2873 1376 2930 commissura
1389 2868 1522 2927 laterales
1534 2864 1610 2925 ‹lice-

307 2968 319 2989 ⁰
347 2982 453 3041 bantur
467 2982 572 3059 lingua
588 2958 637 3055 ἦ,
652 2984 740 3060 iisque
754 2986 880 3061 superius
893 2984 1055 3046 adhaerebat
1068 2984 1183 3064 pensilis
1196 2986 1279 3045 restis
1292 2957 1345 3055 ss,
1358 2999 1417 3058 qua
1430 2981 1468 3040 sd
1480 2979 1610 3057 stipitem

347 3114 451 3172 scoprrs
471 3090 649 3173 alligabatur.
691 3097 727 3156 In
747 3099 866 3159 solemni
885 3097 1069 3174 jaculatione,
1092 3100 1246 3176 imperator
1267 3105 1325 3157 tres
1346 3094 1474 3170 erigebat
1497 3093 1611 3170 pellitos

216 3288 221 3297 Ι
348 3226 456 3285 scopos,
470 3227 521 3285 prc
534 3211 624 3270 tribua
645 3210 748 3271 diversi
760 3211 865 3289 gradus
880 3213 987 3284 turmis,
1001 3231 1066 3289 qun
1079 3213 1200 3273 invicem
1214 3211 1269 3272 sibi
1281 3212 1312 3269 iu
1325 3206 1492 3286 sagittando
1514 3223 1612 3266 succe-

347 3321 471 3398 delnnt3
494 3322 631 3399 tigrinum
645 3324 708 3395 sibi,
722 3325 878 3383 octodecim
890 3326 975 3402 pedes
989 3323 1096 3402 altuni3
1112 3325 1239 3385 ursinum
1260 3325 1372 3402 regulis,
1393 3318 1611 3399 quatuordeeim

348 3434 434 3510 poles
444 3434 544 3507 altum,
554 3435 633 3511 cujus
643 3437 761 3496 interior
771 3446 847 3496 meta
856 3445 978 3513 quatuor
990 3440 1075 3498 semis
1084 3439 1114 3497 iu
1124 3439 1262 3513 quadrum
1276 3438 1361 3515 pedes
1374 3454 1460 3514 prope
1472 3430 1609 3510 habebam

350 3545 549 3623 pnirtheriunm
564 3550 713 3626 toparchia,
728 3551 825 3611 decem
839 3550 923 3627 pedes
937 3548 1037 3624 altum,
1050 3571 1115 3612 cum
1127 3560 1206 3610 meta
1220 3560 1276 3611 tres
1286 3551 1370 3627 pedes
1379 3560 1409 3608 et
1419 3547 1610 3624 quadrantem

349 3660 410 3721 luta
424 3681 431 3717 ε
445 3660 597 3737 imperialis
612 3670 713 3725 antam
722 3663 856 3722 territorii
870 3665 961 3740 reguli
975 3665 1123 3741 erigebant
1145 3666 1271 3723 ursinum
1291 3661 1505 3739 quatuordecim
1524 3660 1612 3737 pedes

350 3773 450 3843 ultum,
465 3781 494 3831 et
508 3774 650 3852 toparchas
663 3777 809 3835 cervinum
820 3777 919 3836 decem
931 3777 1017 3854 pedes
1030 3778 1121 3837 altum
1136 3801 1143 3837 ε
1157 3784 1241 3837 extra
1256 3797 1320 3837 vero
1334 3775 1508 3836 territorium
1522 3772 1611 3850 impe-

350 3885 428 3955 riale,
443 3887 533 3962 reguli
546 3887 694 3963 erigebant
708 3909 841 3966 maguum
854 3909 971 3968 scopum
984 3891 1046 3962 sibi,
1060 3892 1217 3950 octodecim
1231 3891 1352 3969 pedum3
1367 3888 1493 3948 mistum
1517 3894 1614 3964 tupm

350 3998 419 4071 chia,
441 4001 654 4075 quatuordecim
678 4002 798 4080 pedum3
822 4003 956 4063 caninum
978 4003 1121 4078 litteratis,
1145 4004 1243 4063 decem
1266 4005 1376 4081 pedum
1407 4002 1445 4061 In
1458 3999 1613 4059 honoraria

346 4111 531 4189 jaculatione,
557 4114 712 4193 imperator
737 4117 864 4193 erigebat
891 4124 949 4176 tres
975 4115 1095 4177 eolorics
1120 4136 1228 4196 scopos,
1256 4116 1521 4194 quinquepartitum
1548 4114 1613 4185 uiti,

351 4224 526 4304 tripartitum
539 4227 653 4305 regulis,
667 4229 834 4307 bipartitum
846 4229 999 4308 toparchis,
1012 4231 1167 4291 octodecim
1177 4231 1248 4290 item
1256 4229 1467 4307 quatuordecim
1477 4236 1506 4285 et
1514 4227 1614 4312 decem

351 4338 470 4418 pedibus
491 4341 574 4400 altos.
603 4342 639 4401 In
660 4342 801 4402 cornuali
823 4342 938 4403 tandem
958 4341 1139 4419 jaculatione,
1163 4344 1318 4421 imperator
1340 4342 1468 4418 erigebat
1490 4348 1615 4417 quatuor

351 4450 488 4515 tabum
510 4474 618 4534 scopos,
640 4474 739 4516 carnes
758 4455 856 4516 decem
879 4456 996 4534 psdibm
1018 4457 1110 4535 altos3
1131 4464 1219 4535 eaput
1236 4456 1363 4516 uranum
1383 4454 1449 4526 sibi,
1467 4453 1614 4516 cervinum

350 4566 750 4646 transgrlessus
774 4539 1615 4650 (tibdtupuauamoaatmfft

351 4675 496 4745 tuream
