3556 5664
534 526 631 573 carun
649 526 946 572 secuuntur-mes
962 526 1053 572 eumn
1368 513 1428 573 ⁴23

154 645 328 711 conracius.
349 644 420 710 Ait:
434 652 504 708 tunc
513 658 586 726 ergo
596 643 763 707 babuerunt
774 643 843 723 quid
854 649 1034 708 commune?
1050 645 1211 723 Respondit
1224 665 1232 709 ι
1246 646 1425 711 babuerunt.

155 760 185 823 Si
206 760 413 824 obtinuissent
436 764 555 823 centum
579 757 743 821 stadiorum
768 756 922 839 regionem
937 764 968 821 et
982 757 1199 839 gubernassem
1220 776 1295 837 eam,
1324 775 1429 824 omnes

154 873 328 954 potuissent
342 873 450 937 exinde
464 872 501 935 ud
515 872 615 933 auiam
630 885 794 934 convocare
810 871 931 952 regulos
943 879 974 935 et
986 870 1118 934 obtinere
1133 871 1308 952 imperium
1326 890 1428 953 perpe·

155 993 238 1050 trare
248 1001 325 1050 vero
335 1001 427 1050 unam
439 983 624 1064 iniustitiam,
640 982 774 1048 occidere
786 998 878 1046 unum
888 983 1075 1048 innocentem
1086 985 1122 1048 ad
1134 985 1325 1050 obtinendum
1337 986 1428 1066 impe·

155 1100 248 1174 num,
267 1115 355 1178 aeque
365 1114 425 1163 uon
440 1096 580 1161 iecissent
591 1116 598 1158 :
611 1096 643 1161 in
655 1096 1036 1180 bocigiturconvencrunt.
1054 1095 1101 1161 bit
1116 1119 1123 1161 :
1136 1102 1232 1163 ausim
1242 1098 1430 1181 interrogare

154 1213 212 1294 ipsi
227 1212 259 1275 in
277 1228 339 1292 quo
354 1209 538 1277 differebant.
561 1210 725 1290 Respondit
742 1230 750 1273 ε
767 1210 838 1273 Tsai
855 1225 927 1291 ogo,
946 1210 1005 1273 Tse
1020 1211 1102 1292 dreng
1116 1220 1146 1276 et
1161 1212 1245 1276 Yeou
1258 1213 1290 1292 jo
1306 1228 1431 1294 sagaces

155 1327 231 1390 satis
252 1333 287 1389 ut
307 1330 524 1408 cognoscerent
548 1331 684 1387 sanctum
710 1324 821 1399 uirum,
843 1338 877 1386 ne
896 1323 1057 1388 foedassent
1081 1341 1234 1404 nunqnam
1254 1341 1289 1390 eo
1309 1334 1343 1389 ut
1365 1326 1431 1391 ficte

155 1439 318 1504 laudarent
341 1455 429 1519 quern
451 1437 507 1516 ipsi
528 1433 678 1501 amabant.
707 1438 775 1501 Jam
796 1452 868 1502 vcro
889 1436 959 1501 Tsai
980 1453 1042 1519 ugo
1063 1438 1134 1502 dicit
1150 1458 1158 1502 :
1174 1438 1259 1517 Juxta
1279 1440 1358 1519 quod
1373 1454 1431 1521 ego

154 1553 285 1632 inspicio
303 1553 334 1616 io
355 1549 507 1627 doutucio,
531 1550 689 1629 sapientior
712 1557 758 1615 est
773 1566 862 1630 quam
886 1551 949 1615 Yao
965 1557 994 1615 ct
1016 1551 1116 1615 Giroeu
1138 1553 1239 1634 longe.
1268 1552 1327 1617 Tse
1349 1553 1432 1634 kong

155 1666 228 1730 dicit
241 1686 249 1729 ε
262 1665 428 1746 inspiciens
442 1663 564 1729 iliorum
579 1663 654 1727 ritus
666 1665 728 1744 jam
738 1680 887 1746 cognosco
902 1664 1035 1744 ipsorum
1051 1665 1197 1747 regimen,
1214 1665 1340 1730 audens
1352 1666 1431 1745 ipso·

156 1796 225 1843 mm
242 1780 392 1843 musicam
407 1778 471 1858 jam
483 1792 632 1859 cognosco
646 1777 779 1859 ipsorum
795 1778 935 1842 virtutem
953 1774 996 1861 (t)
1010 1797 1018 1840 ε
1031 1777 1085 1854 nic,
1100 1785 1249 1843 aceutum
1264 1778 1431 1861 generatio·

156 1892 247 1957 nibus
263 1910 361 1972 usque
376 1893 484 1968 adbuc,
511 1891 614 1955 ordine
629 1906 769 1956 recenseo
783 1897 903 1955 eentum
922 1892 1150 1972 generationum
1165 1908 1263 1974 reges,
1286 1898 1317 1956 et
1330 1893 1432 1956 nutius

157 2006 329 2089 cognitioni
338 2011 436 2086 potest
445 2003 580 2069 subduci.
603 2005 696 2069 Pomo
706 2004 868 2087 exorigine
884 2005 1061 2084 populorum
1068 2022 1162 2085 usque
1174 2006 1282 2082 adhue,
1298 2006 1432 2072 noudum

157 2119 259 2183 extitit
274 2118 445 2184 Contucius.
469 2117 555 2183 Yeou
568 2116 600 2198 jo
611 2117 682 2182 dicit
695 2138 702 2181 :
715 2118 766 2197 nui
782 2122 897 2181 tantum
913 2117 1050 2183 homines
1064 2118 1180 2183 dicauit
1197 2118 1348 2183 unicornis
1362 2136 1432 2184 eum

159 2233 417 2314 quadrupedibus,
433 2232 556 2313 phoenix
566 2247 634 2296 cum
644 2230 826 2308 volueribus,
843 2231 911 2295 T‘ai
923 2246 1010 2295 mons
1020 2248 1088 2296 cum
1098 2232 1244 2296 colliculis
1253 2240 1285 2297 et
1295 2234 1430 2310 tumulis,

160 2346 289 2410 flumina
304 2352 335 2410 et
348 2346 442 2409 nuria
458 2360 526 2410 eum
542 2345 659 2410 riarum
674 2344 790 2421 rivulis,
807 2344 940 2424 ejusdem
955 2346 1075 2427 generis
1090 2352 1161 2409 sunt
1175 2366 1182 2408 :
1197 2351 1319 2411 sanctus
1334 2346 1380 2410 vir
1395 2348 1433 2411 ad

158 2463 289 2542 uulgus,
315 2460 404 2523 etiam
429 2458 561 2539 cJusdem
577 2463 624 2522 est
639 2457 757 2539 speciei.
787 2458 1009 2523 Transcendcre
1031 2460 1109 2522 ultra
1135 2475 1220 2523 suam
1240 2460 1381 2540 speeiem,
1403 2468 1434 2526 et

159 2588 326 2655 assurgere
341 2588 431 2653 super
444 2572 527 2636 iilam
544 2571 673 2647 turbam,
692 2578 759 2650 post
772 2577 859 2637 natos
875 2571 1010 2643 homines
1029 2589 1123 2651 usque
1145 2573 1251 2651 adbuc,
1272 2572 1347 2637 nulii
1362 2590 1432 2639 con·

161 2687 231 2769 tigit
246 2686 441 2765 praestantius
455 2700 545 2765 quam
560 2684 711 2748 Contucio.

219 2801 251 2864 3.
279 2798 424 2864 Menuius
438 2799 481 2862 ait
498 2817 505 2861 ε
523 2797 575 2876 qui
595 2796 741 2862 adimus
752 2798 814 2861 rim
834 2798 955 2863 simulet
975 2800 1204 2877 humanitatem,
1230 2802 1342 2864 archon
1358 2808 1430 2867 est:

160 2914 280 2977 archon
295 2918 411 2992 oportet
426 2912 534 2977 babeat
548 2926 692 2993 magnum
708 2927 846 2995 regnum.
864 2910 920 2983 Oui
930 2911 1073 2977 adbibens
1087 2913 1228 2976 virtutem
1243 2921 1362 2979 exercet
1373 2914 1432 2993 pie·

162 3033 271 3103 tatem,
290 3025 496 3104 imperansest
512 3044 519 3086 :
538 3023 688 3103 imperans
701 3041 761 3089 non
775 3025 888 3108 indiget
904 3040 1030 3106 maguo;
1043 3026 1144 3109 T‘ang
1159 3042 1228 3090 cum
1243 3026 1434 3110 septuaginta

163 3139 283 3215 stadiis,
307 3140 385 3202 Wen
401 3155 454 3203 rex
468 3153 537 3202 cum
556 3145 675 3201 centnm
695 3138 806 3202 stadiis.
836 3140 910 3202 dum
926 3139 955 3201 ri
970 3138 1119 3218 subjicere
1137 3139 1284 3216 homines,
1308 3155 1367 3204 non
1387 3146 1435 3205 est

163 3253 243 3331 quod
267 3252 359 3315 corda
383 3251 565 3326 subeuntum
587 3251 666 3314 vires
686 3266 745 3314 nou
766 3251 913 3315 subiciunt
930 3247 983 3334 (i).
1018 3252 1091 3315 Gum
1116 3251 1226 3317 virtute
1250 3252 1433 3332 subjiciendo

163 3365 314 3442 homiues,
335 3363 396 3429 imo
413 3365 501 3429 corde
522 3369 593 3427 sunt
613 3364 744 3428 contenti
759 3370 789 3429 et
803 3364 917 3428 sincere
941 3365 1119 3441 subduntur,
1144 3365 1220 3430 sicut
1244 3367 1433 3448 septuaginta

163 3478 305 3559 discipuli
320 3492 353 3542 se
367 3476 558 3558 subjecerunt
575 3476 726 3542 Contucio.
749 3477 875 3543 darmen
892 3474 959 3561 (111.
977 3475 1045 3562 to.)
1062 3476 1176 3543 babet:
1197 3478 1266 3544 «ab
1281 3478 1433 3545 occidente

163 3590 202 3655 ab
217 3591 337 3656 orieme
349 3592 387 3656 ab
402 3590 754 3671 austroaaepteutrione‚
771 3592 873 3655 unitus
886 3590 1004 3654 unimus
1018 3606 1078 3655 uon
1094 3591 1301 3669 subdebatur»
1318 3591 1432 3658 isseiti·

164 3712 213 3769 cet
228 3720 339 3768 sensus
354 3712 408 3770 est.

1086 3917 1423 3927 ---.--—-———

204 4059 256 4138 (1)
277 4065 351 4128 Cum
373 4071 481 4130 musice
502 4078 584 4147 gesta
605 4070 792 4147 imperatoria,
806 4071 876 4130 ritate
892 4088 957 4129 vero
970 4068 1028 4146 ejus
1039 4067 1119 4147 leges
1141 4071 1328 4144 continerent,
1349 4066 1432 4131 soene

165 4182 274 4244 exinde
286 4181 362 4243 illius
376 4183 465 4244 rinna
479 4192 509 4244 ct
521 4184 648 4261 regimen
663 4182 934 4261 deprehendebatur.

204 4285 257 4368 (2)
275 4294 357 4359 viru
369 4317 427 4357 uon
440 4298 585 4358 sufficiunt
597 4297 637 4356 od
648 4297 843 4356 resistendum.

268 4625 337 4731 W
350 4650 413 4725 Pax,
434 4660 543 4713 erectus
555 4673 565 4714 a
578 4650 726 4712 insiliendo
741 4668 784 4709 er-
832 4625 900 4739 ῌ)
912 4636 1022 4723 T‘eom,
1037 4648 1186 4710 herbarum
1205 4646 1331 4713 luxuries
1344 4673 1352 4710 z
1365 4670 1432 4711 eou-

267 4782 365 4845 mpere.
913 4782 1040 4843 gregare.
1058 4737 1130 4852 ᾖ,
1146 4762 1298 4841 Adjurare.

251 4896 274 4939 u
1313 4880 1351 4937 54
