3574 5664
569 456 665 498 cxrur
687 455 974 498 sumnum-rans
994 456 1083 499 rurore
1401 444 1457 502 311

247 565 300 630 19.
325 568 388 631 Pan
406 569 487 632 l‘che
501 567 742 651 interrogavitde
753 569 846 633 solida
863 568 981 633 virtute.
995 568 1162 634 donlucius
1177 570 1218 633 ait
1231 591 1237 633 :
1251 571 1330 634 domi
1346 572 1459 653 degens

149 670 157 707 r
189 680 384 763 gravitatem,
403 688 535 745 tractans
551 682 669 764 negotia
685 682 884 758 sedulitatem,
901 698 995 766 agens
1008 699 1076 747 cum
1089 684 1154 745 aliis
1168 684 1338 748 lidelilatcm
1353 702 1457 762 scrua;

191 794 308 858 etiamsi
323 796 416 858 adeas
429 795 571 859 barbaros
588 795 692 872 tribus,
711 812 770 859 non
786 795 885 861 licebit
899 810 934 860 ea
950 795 1083 873 rejicere.

250 908 303 972 20.
327 908 386 972 Tse
404 908 484 991 long
498 909 688 991 interrogans
703 909 763 971 ait:
778 909 847 988 quid
863 924 951 991 agam
968 917 1001 971 ut
1015 909 1126 988 possim
1142 911 1242 974 vocari
1257 910 1375 990 sapiens
1390 928 1459 975 cau·

194 1022 309 1086 didatus
320 1025 332 1092 l
339 1024 389 1095 ll?
405 1023 563 1086 Gonlucius
579 1022 730 1100 respondit
742 1043 750 1084 :
763 1022 929 1086 actionibus
944 1022 1071 1101 propriis
1081 1038 1168 1086 sorra
1179 1024 1332 1102 pudorem,
1351 1025 1461 1087 missus

194 1136 224 1198 in
246 1143 375 1215 quatmr
400 1136 538 1217 regiones
559 1152 596 1199 no
617 1136 776 1200 dedecores
802 1135 942 1214 principis
967 1136 1151 1212 mandatum,
1175 1145 1205 1201 et
1225 1137 1336 1217 poturis
1360 1137 1461 1201 uocari

194 1265 284 1313 verus
298 1250 483 1313 candidatus.
507 1249 665 1328 Subiunxit
682 1269 689 1312 ε
708 1250 804 1312 ausim
819 1248 1006 1331 interrogare
1021 1248 1088 1328 quis
1100 1264 1118 1312 a
1132 1251 1184 1313 tali
1199 1250 1366 1314 secundus?
1388 1251 1460 1315 lies·

194 1362 304 1442 pondet
321 1382 329 1425 :
347 1380 436 1442 quem
461 1362 581 1444 generis
605 1362 743 1444 cognatio
767 1362 896 1442 appellet
921 1362 1002 1442 pium
1016 1361 1046 1425 in
1064 1371 1212 1442 parentes,
1231 1363 1288 1427 vici
1304 1365 1462 1443 populares

195 1476 355 1555 praedicem
379 1476 590 1555 obsequentem
611 1492 684 1558 erga
705 1476 843 1554 nrajorcs.
872 1474 1053 1554 Subiunxit:
1073 1476 1168 1539 ausim
1192 1477 1379 1559 interrogare
1395 1478 1462 1557 quis

194 1589 233 1653 ab
246 1590 305 1653 hoc
319 1590 487 1653 secundus?
515 1590 684 1669 Respondet
701 1609 709 1652 ε
726 1591 777 1669 qui
792 1589 823 1652 in
838 1588 936 1652 verbis
951 1588 1072 1654 omnino
1087 1589 1233 1665 sinceras,
1251 1590 1280 1653 in
1296 1591 1462 1655 actionibus

195 1704 317 1767 omniuo
333 1709 431 1767 tenax
455 1703 649 1766 burinsculus
664 1702 845 1782 hujusmodi,
862 1703 997 1785 uulgaris
1011 1704 1102 1767 homo
1117 1719 1188 1767 sane
1201 1723 1208 1767 ε
1223 1710 1355 1767 attamen
1370 1704 1462 1767 ctiam

196 1816 304 1896 poterit
319 1816 422 1881 baberi
437 1825 470 1880 ut
485 1817 645 1880 secundus.
668 1816 845 1895 Subiunxit:
862 1816 913 1894 qui
928 1817 958 1881 in
975 1832 1105 1894 praesens
1119 1825 1258 1881 exercent
1273 1817 1460 1881 administra-

196 1930 319 2006 tionem,
336 1931 483 2011 quomodo
499 1935 588 1993 sunt?
606 1929 763 1994 oontucius
778 1930 820 1993 ait
832 1949 840 1994 ;
853 1929 951 1993 Eheul
970 1928 1089 1993 modioli
1104 1928 1313 2014 quasilibelli
1336 1932 1460 1995 homun-

197 2042 308 2119 ciones,
324 2044 375 2122 qul
390 2043 474 2127 digni
487 2050 521 2106 ut
536 2049 745 2108 numerentur!

254 2156 307 2220 21.
330 2156 528 2236 Philosophus
543 2157 585 2219 ait
601 2177 609 2220 ε
628 2157 654 2220 si
670 2173 729 2220 non
749 2156 898 2221 inueniam
923 2156 1051 2221 mediam
1077 2164 1211 2222 tenentes
1235 2159 1324 2234 viam,
1354 2157 1462 2237 quihus

198 2258 414 2334 communicem
429 2270 613 2351 sapientiam,
633 2287 672 2334 an
683 2286 741 2335 non
753 2271 851 2351 potius
866 2271 927 2334 alta
942 2270 1190 2351 praesumentihus
1207 2272 1337 2352 rectique
1353 2271 1461 2335 tenaci·

198 2381 272 2446 busl
290 2383 359 2446 dlta
375 2392 588 2463 presumentes
602 2384 833 2466 progrediuntur
848 2390 878 2448 et
892 2385 1082 2460 aemulantur,
1100 2384 1172 2448 recti
1189 2393 1308 2450 tenaces
1322 2393 1367 2449 est
1382 2385 1463 2465 quod

200 2511 350 2575 nunquam
365 2503 461 2579 agunt
477 2495 532 2581 (3).

255 2609 308 2674 22.
332 2610 530 2689 Philosophus
553 2612 595 2674 ait
621 2630 628 2674 :
657 2611 864 2675 meridionales
887 2611 1025 2675 homines
1049 2611 1159 2675 habent
1182 2611 1303 2675 effatum
1328 2611 1459 2675 dicens:

201 2723 287 2787 homo
303 2724 353 2803 qui
369 2730 470 2787 careat
483 2724 658 2801 constantia,
678 2741 734 2788 nec
749 2731 845 2804 potest
858 2739 949 2806 agere
964 2724 1112 2790 hariolum
1127 2724 1312 2789 medicumrc
1327 2744 1334 2787 :
1351 2726 1462 2803 sophos

203 2833 261 2919 (lli
293 2836 423 2917 Siquis
441 2856 511 2900 con
530 2838 644 2901 reddat
669 2846 872 2901 constantem
895 2855 996 2900 sumn
1019 2839 1186 2915 virtutem,
1214 2838 1276 2900 olii
1298 2838 1463 2918 sucipient

202 2967 276 3012 cnm
288 2950 428 3032 probris.
453 2952 610 3017 donbrcius
624 2950 802 3015 exclamarit
819 2970 826 3013 :
845 2966 904 3014 non
920 2950 1140 3027 consideratum
1157 2966 1195 3014 en
1211 2957 1305 3015 totum
1324 2948 1379 3034 (5).

258 3063 310 3127 23.
332 3064 531 3145 Philosophus
544 3065 606 3128 ait:
620 3064 666 3128 vir
675 3065 793 3144 sapiens
803 3070 849 3129 est
859 3079 991 3143 concors,
1007 3063 1059 3128 sed
1069 3064 1151 3128 nulla
1166 3064 1309 3141 coitione;
1326 3064 1463 3146 uulgaris

204 3175 289 3241 homo
303 3177 374 3252 coit,
392 3177 463 3256 quin
478 3179 517 3242 sit
532 3193 656 3244 concors
673 3176 728 3262 (6).

257 3290 310 3354 24.
333 3290 391 3356 Tse
406 3290 488 3373 long
501 3292 691 3373 interrogans
705 3292 799 3355 ait1si
811 3292 881 3373 pagi
893 3291 1029 3355 homines
1044 3306 1148 3355 omncs
1162 3297 1263 3355 ament
1277 3291 1460 3371 quempiam,

203 3404 366 3481 momodor
386 3404 543 3469 llonlucius
557 3405 600 3468 ait
615 3425 623 3468 ε
641 3404 772 3469 nondum
787 3406 873 3470 bene.
892 3405 922 3468 Si
932 3405 1002 3488 pagi
1017 3405 1153 3469 homines
1167 3418 1271 3469 omncs
1285 3410 1463 3468 aversentur

239 3655 284 3733 (1)
306 3638 355 3739 ᾗ,
370 3666 516 3745 sapientiae
537 3664 678 3739 alumnus,
700 3665 819 3745 publicis
832 3666 937 3725 muniis
950 3662 1118 3745 proludens3
1144 3664 1209 3724 ideo
1221 3665 1306 3724 ruodo
1322 3665 1359 3724 ad
1374 3662 1461 3740 illurn,

202 3778 335 3839 modoad
349 3778 410 3839 baec
423 3780 548 3838 refertur.

241 3883 284 3960 (2)
304 3893 378 3951 Toou
391 3892 497 3963 decem,
516 3892 592 3953 exal
605 3892 753 3953 duodecim
766 3890 876 3969 cotyles
890 3865 932 3954 71·
948 3890 1084 3950 continet.

240 3994 287 4073 (3)
305 4003 493 4064 AEmulontur
505 4005 546 4066 illi
560 4007 709 4084 antiquos3
721 4024 868 4082 nunquam
881 4005 912 4064 hi
926 4012 1017 4081 agorn
1031 4004 1138 4081 iniqua.

240 4107 284 4187 (4)
301 4117 415 4178 Minore
426 4117 476 4178 illu
486 4119 580 4180 officie
592 4118 683 4179 adhue
694 4120 887 4179 constantiam
896 4118 1051 4195 requirunt,
1063 4117 1123 4176 sine
1133 4137 1189 4195 que
1200 4116 1321 4198 Spiritus
1332 4120 1463 4198 precanti

202 4249 260 4290 non
272 4232 401 4305 admunt,
419 4233 595 4310 experientia
608 4232 717 4293 medico
730 4232 829 4292 deerit.

241 4336 284 4415 (5)
305 4344 432 4406 Edetani
446 4353 490 4405 eet
502 4344 566 4407 libri
585 4346 788 4410 Mutationem,
808 4346 939 4425 excnjns
959 4343 1091 4423 neglectu
1113 4354 1209 4406 totum
1231 4341 1338 4404 malum
1358 4346 1463 4424 repetit

204 4454 359 4520 conulem.
383 4437 440 4532 ᾖε,
455 4458 568 4519 racem.

240 4558 288 4641 (ot
305 4573 383 4636 Inter
396 4570 485 4635 simul
505 4583 632 4651 ugentes,
654 4573 804 4636 concordie
823 4574 1042 4647 restauratione,
1064 4573 1149 4633 coitio
1163 4572 1273 4652 privetu
1291 4580 1401 4647 qurestu
1416 4572 1459 4630 in·

199 4684 307 4747 nidum·
428 4758 434 4763 ‚

278 4817 300 4863 11
1341 4784 1382 4853 10
