3554 5642
552 495 649 540 carun
669 494 818 537 samm
831 509 873 522 -
884 492 959 536 rant
978 494 1067 536 aaron
1378 480 1435 539 601

227 612 257 677 t.
279 610 426 676 blentsins
439 610 482 674 ait
493 629 500 672 :
513 608 587 672 nihil
603 607 666 672 sine
681 607 748 671 coeli
764 607 886 671 numine
899 627 906 669 ε
919 621 1004 685 aequo
1019 608 1118 672 animo
1132 607 1339 688 excipiendum
1356 609 1436 688 qnod

173 727 208 790 ab
220 741 256 790 eo
270 725 383 790 diocte
397 723 551 790 ordinatur
564 722 621 801 (1).
652 721 722 785 ldeo
736 720 908 802 intelligens
923 720 991 785 coeli
1007 721 1191 799 mandatum,
1216 736 1276 784 non
1292 722 1384 786 stabit
1398 722 1436 786 ad

172 838 280 904 ruinosi
296 837 375 902 muri
390 838 514 902 calcem.
544 835 640 917 lungl
655 833 717 897 suis
732 833 834 899 olllciis
848 842 879 898 et
893 832 982 909 mori,
1006 833 1151 898 directum
1166 841 1213 898 est
1229 835 1296 899 coeli
1313 836 1434 899 manda-

171 958 233 1015 tum
251 972 258 1016 :
275 951 307 1015 in
321 950 448 1015 manicis
463 948 711 1030 compedibusque
727 947 816 1023 mori,
836 963 896 1013 non
911 953 959 1012 est
973 945 1084 1011 directa
1098 947 1167 1011 coeli
1182 946 1344 1028 dispositio.

227 1067 257 1129 3.
280 1064 425 1129 tdcntsius
445 1063 488 1127 ait
511 1082 519 1126 ε
544 1061 671 1125 virtutes
692 1061 718 1125 si
739 1074 867 1153 quaeras,
893 1068 965 1125 tuno
986 1060 1114 1137 obtines,
1142 1062 1167 1124 si
1190 1061 1339 1143 negligas,
1364 1069 1436 1127 tnnc
1523 1078 1527 1085 ·

170 1178 300 1242 amittis:
314 1193 388 1260 ergo
403 1191 536 1256 quaerere
550 1175 608 1239 erit
621 1173 697 1239 utile
710 1176 748 1239 ad
766 1173 969 1252 obtinendum,
993 1189 1061 1239 oum
1077 1173 1237 1254 quaerimus
1253 1191 1318 1253 qua
1333 1176 1435 1240 innata

170 1292 270 1355 insum
284 1291 380 1358 nobis.
409 1289 566 1362 Quaerendi
588 1288 664 1352 bona
680 1295 727 1353 est
740 1293 821 1353 certa
841 1301 958 1364 norma,
982 1287 1116 1352 obtinere
1130 1287 1238 1367 pendet
1252 1303 1269 1350 a
1285 1289 1407 1354 numine
1424 1310 1431 1353 :

169 1420 241 1487 ergo
260 1419 393 1485 qnaerere
412 1419 472 1468 non
491 1402 550 1468 erit
564 1401 642 1491 ⁸utile
661 1402 699 1465 ad
719 1400 924 1476 obtinendum,
949 1417 1017 1465 cum
1037 1401 1199 1480 quaerimus
1219 1417 1285 1480 qnae
1300 1409 1370 1466 sunt
1384 1420 1435 1467 ex·

169 1518 308 1583 trinseca.

225 1632 256 1695 t.
278 1631 423 1696 blentsius
432 1630 475 1694 ait
486 1647 495 1693 ε
507 1629 641 1696 omnium
657 1643 757 1698 rerum
773 1628 848 1694 ratio
863 1628 1010 1709 complete
1019 1628 1098 1693 inest
1110 1628 1141 1692 in
1152 1628 1237 1693 nobis
1249 1647 1257 1691 :
1271 1629 1295 1693 si
1307 1629 1434 1711 teipsum

168 1744 339 1825 respiciens,
364 1742 525 1809 conformis
538 1760 573 1808 es
586 1742 717 1819 veritati,
741 1742 884 1825 gaudium
905 1743 963 1807 erit
983 1742 1100 1805 nnllum
1122 1742 1219 1821 maius
1235 1744 1292 1820 (2).
1315 1744 1434 1811 Enitere

167 1873 234 1922 enm
248 1872 320 1922 uera
335 1857 481 1923 charitate
496 1872 598 1940 agere,
610 1862 639 1921 et
650 1856 773 1936 quesita
789 1856 941 1935 perfectio,
958 1862 992 1919 ut
1001 1855 1042 1918 nil
1054 1871 1156 1935 supra,
1173 1858 1293 1937 propior
1302 1858 1359 1923 erit
1371 1861 1430 1935 (3).

224 1973 254 2036 5.
278 1971 422 2036 Mentsins
437 1969 479 2034 ait
496 1990 503 2032 :
521 1971 572 2050 qni
587 1976 682 2052 agunt
696 1983 745 2034 res
759 1969 830 2049 quin
845 1969 1063 2048 introspiciant,
1085 1968 1193 2048 diuque
1207 1978 1347 2036 exercent
1360 1972 1432 2051 quin

24 2090 25 2121 ³
119 2136 123 2143 .
167 2090 401 2163 perscrutentur,
423 2084 556 2163 adeoque
570 2090 632 2148 tota
647 2082 709 2145 rita
723 2083 865 2147 insistunt
879 2083 939 2146 illis
954 2082 1025 2162 quin
1041 2082 1179 2146 noverint
1193 2097 1295 2147 earum
1312 2084 1431 2165 objecti·

166 2214 233 2262 ram
249 2199 408 2274 rationem,
424 2196 546 2278 plurimi
561 2204 640 2261 sunt.

222 2311 254 2376 6.
276 2310 422 2376 identsius
431 2310 651 2376 ait:hnminem
663 2325 722 2374 non
732 2317 830 2390 potest
839 2325 898 2375 non
909 2310 1030 2409 pudere.
1049 2308 1079 2373 Si
1088 2324 1149 2373 non
1159 2309 1300 2391 puduisse
1309 2313 1429 2392 pudeat,

165 2439 318 2505 nunquam
334 2424 504 2504 pudendum
518 2431 599 2507 aget.

221 2540 253 2601 7.
276 2536 421 2602 lientsius
435 2538 478 2601 ait
494 2558 501 2601 :
519 2538 653 2618 pudorin
673 2537 793 2602 homine
808 2543 1011 2604 momentnsus
1025 2545 1081 2603 est.
1100 2536 1155 2611 Qui
1170 2544 1240 2602 sunt
1255 2541 1430 2604 technarum

164 2650 362 2730 trandumque
376 2652 512 2729 solertes,
529 2652 612 2715 nulla
623 2666 656 2715 re
666 2651 805 2715 adhibent
815 2651 936 2731 pudoris
948 2667 1080 2715 sensnm.
1098 2651 1219 2716 belectu
1234 2652 1356 2732 pudoris
1370 2669 1430 2718 non

163 2763 357 2828 assimilando
371 2763 456 2841 viris,
473 2765 543 2845 quid
558 2765 655 2829 simile
670 2763 743 2828 uiris
757 2765 915 2830 habebitur
927 2765 997 2846 (lla

220 2877 251 2943 8.
275 2876 421 2942 blentsius
435 2878 477 2942 ait
494 2898 501 2941 :
519 2878 704 2959 antiquitatis
719 2879 867 2957 sapientes
886 2893 973 2963 reges
987 2879 1128 2943 amabant
1142 2879 1319 2958 probitatem
1334 2887 1364 2945 et
1378 2880 1428 2946 ob-

163 2990 377 3056 liriscebantnr
391 2990 554 3071 potentiam
566 3010 574 3055 z
587 2999 659 3057 tunc
673 2991 858 3071 antiquitatis
872 2992 1021 3072 sapientes
1035 2992 1169 3069 litterati,
1187 2993 1237 3072 qui
1248 2993 1304 3057 soli
1313 3009 1372 3059 non
1387 2995 1429 3059 ita

163 3102 309 3169 luissent?
325 3103 494 3187 gandebant
503 3119 557 3169 sna
568 3104 712 3185 sapientia
722 3111 753 3169 et
762 3104 1013 3170 obliviscebantur
1026 3106 1153 3170 aliorum
1169 3107 1341 3186 potentiam.
1360 3108 1428 3174 idco

162 3217 267 3282 siltex
282 3217 332 3283 rel
353 3218 416 3280 ltux
432 3233 492 3282 non
506 3218 660 3283 exhiberet
679 3218 874 3282 reverentiam
890 3225 920 3284 et
934 3219 1104 3284 exhauriret
1121 3218 1331 3297 urbanitatem,
1356 3227 1428 3286 tnnc

162 3345 220 3394 non
235 3329 392 3396 obtinebat
410 3331 517 3411 saepius
536 3331 634 3396 invisi.
663 3331 766 3409 invisi,
789 3331 924 3411 inquam,
947 3333 1045 3397 adhuc
1059 3348 1118 3398 non
1140 3331 1290 3397 obtinebat
1306 3334 1425 3414 saepius,

161 3449 273 3522 quanto
287 3459 364 3527 erpo
378 3444 478 3508 minus
492 3444 644 3510 obtinebat
656 3450 691 3509 nt
705 3445 859 3510 ministros
873 3445 997 3510 haberet
1010 3446 1099 3510 illos?

197 3811 244 3888 (1)
263 3821 298 3880 N
298 3841 336 3879 on
352 3840 417 3880 vero
431 3797 504 3906 qnod
518 3842 534 3882 e
547 3819 618 3882 ooelo
631 3823 737 3882 directa¹
750 3842 808 3882 non
823 3822 910 3894 venit,
928 3822 978 3882 sed
991 3823 1068 3901 quod
1081 3824 1166 3883 homo
1180 3824 1234 3884 sibi
1246 3826 1372 3885 accersit.

198 3925 246 4003 (2)
265 3933 425 3994 Actionum
449 3933 596 3995 moralitas
617 3934 760 4013 insculpta
781 3942 826 3996 est
842 3935 925 3995 nobis
938 3960 946 3996 a
961 3936 1090 3997 ulmeam
1113 3937 1298 4014 subjectivam
1322 3938 1427 4018 agermi

159 4047 301 4107 rationem
317 4046 462 4107 inreniam
476 4047 650 4109 conformem
672 4048 819 4126 objectiva
837 4067 931 4108 rerum
946 4048 1109 4117 moralitati.
1128 4050 1172 4123 ita
1184 4058 1216 4109 nt
1228 4058 1329 4129 sponte
1342 4060 1372 4111 et
1384 4052 1428 4113 fa·

159 4158 210 4220 uile
223 4160 377 4220 hominurn
390 4159 490 4220 officiis
498 4159 612 4239 fungar,
624 4161 762 4240 gandium
773 4162 827 4222 erit
836 4181 924 4238 qnam
936 4163 1013 4238 quod
1022 4163 1157 4223 maxime.
1170 4162 1286 4223 Mentsii
1300 4163 1424 4224 ethicam

161 4279 242 4350 tene3
260 4281 400 4333 naturam
412 4291 463 4353 per
476 4291 507 4333 se
521 4273 626 4335 bonam
642 4292 712 4346 esse,
726 4282 756 4334 et
770 4275 882 4335 virtutis
895 4295 1011 4353 germen
1026 4276 1057 4334 in
1069 4294 1100 4337 se
1112 4277 1267 4336 continere.

198 4378 244 4453 (3)
265 4386 300 4449 si
313 4386 439 4446 actiones
462 4386 652 4465 respondeant
675 4387 814 4465 objeotiro
826 4405 922 4448 rerum
944 4388 1047 4462 ordini,
1060 4397 1089 4449 et
1101 4389 1216 4467 insuper
1237 4388 1360 4466 teipsum
1373 4408 1425 4467 per

158 4498 311 4560 mnium
323 4497 454 4578 regulam
465 4500 504 4559 ed
516 4498 586 4560 aiios
600 4501 729 4579 porrigas
743 4478 822 4574 (ff),
839 4499 973 4580 perfodio
986 4501 1167 4563 obtinebitur.

198 4603 245 4681 (4)
264 4611 336 4673 Alio
360 4613 451 4672 versio
472 4611 560 4673 habet
575 4636 583 4673 r
597 4613 676 4672 leuati
683 4615 817 4692 ponentes
831 4633 885 4671 non
905 4633 1048 4691 emoequare
1066 4616 1147 4688 omna,
1170 4614 1240 4691 quid
1252 4613 1423 4687 exaequando

159 4727 232 4785 airon
245 4725 405 4785 bohholt
423 4724 486 4786 Viri
498 4725 697 4804 intelliguntur
712 4725 987 4805 sapientitonlunnhi.
