3524 5652
528 502 626 547 carm
646 503 779 547 murus
792 520 833 533 -
845 503 920 547 nass
930 503 1101 549 -uosnsxros
1391 492 1451 552 teo

181 630 334 681 cavernas.
355 613 489 680 Annales
503 615 606 679 aiunt:
623 616 826 680 «exundantes
840 631 924 697 aque
940 617 1070 682 excitant
1083 633 1149 682 me»
1168 620 1352 682 exundantes
1367 634 1452 698 aquae

179 730 265 805 istae,
282 728 390 794 diluvii
405 743 499 809 aquae
518 729 632 795 scilieet
647 725 704 813 (1).
726 730 833 793 Jnssus
848 737 894 793 est
910 730 958 793 Yu
973 732 1102 813 dirigere
1124 732 1191 795 illas
1209 752 1215 795 :
1235 733 1283 795 Yu
1297 733 1453 796 excavavit

180 848 292 906 terram
314 848 344 907 et
367 843 489 907 deduxit
510 843 541 907 in
564 858 658 919 marc,
685 842 786 925 abegit
809 850 963 923 serpentes
988 844 1190 924 draconesque
1210 851 1240 909 et
1261 845 1406 927 relegavit
1421 844 1453 908 iu

182 955 325 1021 berbosas
341 956 465 1036 paludes
482 975 489 1019 :
508 972 592 1036 aquce
607 971 661 1035 per
677 963 772 1020 terras
792 957 904 1021 medias
924 956 1122 1034 incesserunt,
1141 958 1221 1021 duvii
1237 959 1347 1041 lliang,
1364 958 1450 1034 Hoai,

181 1070 238 1146 llo,
255 1070 322 1133 llan
337 1069 359 1133 ii
375 1074 456 1133 sunt.
480 1069 610 1134 salebris
624 1076 655 1133 et
668 1069 888 1150 impedimentis
902 1069 965 1148 jam
983 1071 1114 1148 remotis,
1142 1073 1279 1136 volucres
1300 1072 1451 1150 feraeque,

181 1198 247 1262 qne
262 1182 412 1248 nocebant
425 1182 608 1260 bominibus,
625 1191 822 1261 evanuerunt,
834 1189 865 1248 et
875 1188 946 1249 tunc
960 1185 1080 1248 demum
1095 1185 1232 1249 nomines
1248 1185 1375 1249 assecuti
1391 1186 1453 1265 pla·

182 1311 252 1359 nam
276 1303 401 1372 terram,
428 1296 601 1360 habitarunt
624 1311 703 1360 eam.
731 1296 795 1360 Yao
810 1303 841 1362 et
856 1297 956 1361 dunen
978 1299 1070 1363 semel
1096 1297 1255 1374 defunctis,
1281 1304 1454 1363 sanctorum

181 1409 317 1473 virorum
339 1410 474 1474 doctrina
493 1409 624 1474 deiecit:
643 1409 779 1474 crudeles
801 1409 949 1491 principes
972 1411 1139 1475 successi-ve
1161 1418 1370 1487 surrexeruut3
1389 1412 1454 1475 des-

183 1524 310 1587 truendo
325 1523 434 1602 palatia
445 1530 476 1586 et
485 1524 589 1587 domos
599 1523 635 1587 ad
646 1523 780 1588 iacienda
795 1530 902 1606 stagna
912 1532 943 1588 et
953 1525 1092 1606 piscinas,
1110 1525 1237 1604 populus
1252 1541 1311 1588 uon
1328 1524 1456 1588 babebat

183 1652 243 1716 quo
253 1636 414 1716 tranquille
430 1638 611 1717 quiescerem
625 1644 794 1702 evertentes
803 1653 894 1722 agros
904 1645 938 1702 ut
949 1638 1193 1703 tacerentlrortos
1203 1645 1233 1703 et
1243 1643 1335 1717 septa,
1351 1636 1455 1703 eddece-

184 1759 256 1814 runt
270 1759 305 1813 ut
318 1751 447 1830 populus
461 1766 521 1815 non
536 1756 638 1830 posset
652 1749 756 1814 vestiri
770 1758 802 1815 et
815 1753 935 1829 nutriri,
952 1761 983 1816 et
998 1767 1089 1831 prava
1107 1752 1247 1833 dogmata
1263 1767 1298 1815 ac
1312 1750 1455 1815 immania

184 1862 316 1927 facinora
332 1864 441 1928 iterum
456 1875 559 1928 exorta
575 1870 666 1928 sunt:
681 1880 808 1945 cumque
824 1864 915 1940 horti,
933 1874 1029 1946 sepm,
1047 1871 1166 1948 stagna,
1184 1864 1314 1945 piscine,
1332 1865 1457 1944 paludes

184 1984 214 2041 et
229 1977 314 2041 lacus
335 1977 532 2053 abundarent,
556 1979 694 2042 volucres
709 1985 739 2041 et
753 1980 954 2058 quadrupedia
979 1979 1164 2042 advenerunt
1182 1998 1189 2040 :
1207 1984 1298 2056 utque
1321 1978 1457 2057 pervenit

185 2091 221 2154 ad
237 2090 374 2154 T‘cbeou
390 2106 560 2171 personam,
577 2091 736 2171 imperium
750 2092 860 2156 iterum
876 2095 1022 2173 susdeque
1039 2108 1159 2155 versum
1175 2098 1229 2155 est.
1254 2092 1376 2156 Tebeou
1391 2092 1457 2154 Dux

186 2203 300 2285 adiuvit
320 2202 366 2268 On
388 2219 504 2287 regem,
531 2205 633 2285 plectit
656 2205 792 2269 'l‘clrenu
806 2212 837 2270 et
850 2221 1015 2289 aggressus
1039 2221 1168 2287 regnum
1194 2205 1270 2279 ch,
1295 2211 1357 2268 tres
1378 2204 1457 2267 intra

186 2333 281 2383 annos
296 2318 423 2397 peremit
433 2316 498 2397 ejus
511 2318 684 2398 principem,
706 2318 832 2382 detrusit
846 2320 1016 2385 ministrum
1032 2318 1082 2383 llei
1092 2318 1151 2382 lien
1162 2319 1192 2381 in
1203 2318 1295 2381 maris
1311 2319 1457 2400 angulum

187 2438 216 2495 et
230 2431 339 2496 occidit
353 2433 452 2508 illum,
468 2431 594 2496 extinxit
610 2447 703 2515 regna
719 2432 947 2514 quinquaginta,
964 2432 1065 2515 abegit
1084 2430 1178 2513 tigres
1193 2431 1301 2511 pardos
1321 2432 1457 2496 rlvinoce·

187 2553 268 2609 rotes
282 2546 515 2625 elephantesque
530 2550 560 2609 et
575 2546 677 2625 procul
693 2545 804 2608 amovit
819 2562 872 2610 eos
886 2543 928 2629 (2)
948 2566 956 2609 :
974 2546 1131 2625 imperium
1147 2546 1234 2608 valde
1249 2545 1381 2607 tautum
1397 2552 1453 2608 est.

187 2658 318 2722 dunales
332 2659 437 2722 aiunt:
453 2673 562 2737 «quam
574 2659 632 2723 late
642 2659 778 2738 splendet
792 2661 870 2723 Wen
886 2661 966 2742 regis
981 2659 1153 2723 consilium!
1172 2674 1261 2738 quam
1277 2659 1375 2737 ample
1391 2673 1457 2722 suc-

188 2773 277 2837 cessit
292 2770 337 2836 Ou
353 2773 435 2854 regis
459 2771 591 2836 lacinus!
623 2771 800 2853 adjuverunt
815 2780 846 2837 et
860 2774 1053 2838 erudiverunt
1073 2788 1128 2836 nos
1148 2778 1282 2851 posteros
1307 2771 1455 2847 bomines,

189 2886 347 2964 omniaque
360 2885 445 2964 juxta
461 2885 672 2965 perlectionem
687 2892 791 2949 carent
805 2901 939 2950 naevo.»
963 2885 1001 2949 lt
1015 2886 1125 2950 seculo
1141 2884 1294 2949 deficiente
1309 2891 1339 2948 et
1354 2885 1458 2947 ordine

190 2999 391 3075 decrescente,
408 3014 549 3078 perversa
564 2999 704 3081 dogmata
714 3004 745 3063 et
754 2999 901 3064 immanes
915 2999 1047 3065 actiones
1062 2998 1170 3062 iterum
1186 3008 1296 3062 exorte
1312 3005 1381 3060 sunt
1399 2994 1456 3081 (3);

190 3112 298 3176 subditi
314 3113 365 3191 qui
379 3111 548 3177 occiderent
563 3128 650 3175 sunum
666 3112 837 3192 principem,
865 3113 1035 3189 extiterunt,
1057 3111 1167 3191 filiique
1188 3111 1354 3175 occidentes
1369 3126 1458 3173 suum

191 3224 358 3307 genitorem
372 3241 431 3290 non
447 3225 615 3289 defuerunt.
642 3225 800 3289 Conlucius
819 3227 936 3306 expavit
952 3232 982 3289 et
996 3225 1162 3304 composuit
1177 3239 1230 3288 sun
1246 3224 1325 3287 veris
1339 3230 1457 3286 autum·

190 3339 279 3419 nique
295 3339 435 3403 cbmnica
448 3359 455 3402 :
469 3354 522 3403 ver
531 3344 561 3403 et
571 3345 733 3405 autumnus
747 3339 858 3405 scilicet
873 3338 1062 3419 imperatoris
1077 3354 1125 3402 res
1137 3334 1192 3423 (4).
1215 3337 1284 3402 Ideo
1299 3336 1458 3400 consocius

230 3692 276 3774 (1)
298 3701 379 3763 Illius
392 3701 499 3763 scilicet
513 3701 620 3774 dssuvii,
634 3702 670 3762 de
683 3723 739 3780 quo
752 3702 909 3779 loquuntur
925 3700 1063 3763 Annales.

231 3808 276 3886 (2)
296 3814 369 3889 Yen,
383 3817 413 3874 in
427 3790 599 3894 antiqua?
618 3791 669 3890 (Η,
684 3835 760 3876 nunc
774 3812 838 3875 Yen
852 3814 952 3875 tcheou
969 3790 1011 3875 ἶ
1028 3789 1067 3877 iii
1087 3816 1115 3874 in
1132 3813 1215 3876 Ohnn
1239 3823 1318 3891 teng,
1341 3832 1458 3890 regnum

193 3939 254 3990 erat
274 3929 420 4004 orientale,
434 3930 513 4007 cnjus
529 3930 644 4009 regulus
657 3950 677 3989 a
690 3919 815 3989 T‘cheon
832 3938 955 4006 tyranno
968 3931 1080 4007 stabat3
1101 3929 1154 3990 Fei
1168 3927 1226 3987 lien
1242 3928 1383 4007 gratiosus
1397 3934 1459 3986 eret

193 4043 277 4122 ὶρείιιε
290 4043 480 4122 consiliarium
503 4043 570 4104 ferae
583 4043 639 4103 ille
653 4045 683 4103 in
695 4043 783 4121 septis
796 4043 881 4120 regiis
894 4042 1051 4103 alebantur.

231 4151 278 4230 (3)
297 4136 339 4218 E
354 4159 432 4219 velet
449 4137 506 4219 a.
1443 4210 1448 4233 ¹

230 4264 276 4345 (4)
299 4272 502 4345 Actascilicet,
516 4290 580 4348 quoe
595 4272 781 4333 ducentorum
804 4288 942 4331 annorum
961 4270 1054 4347 spatio
1076 4278 1159 4347 gesta
1180 4277 1258 4341 sunt,
1280 4266 1401 4328 leuchus
1413 4263 1459 4326 vel

192 4388 365 4467 vituperans,
389 4385 487 4459 tradit,
502 4403 567 4462 quae
580 4384 746 4465 imperatori
768 4383 880 4461 muria
892 4390 969 4443 sunt
990 4381 1061 4441 Ideo
1074 4380 1233 4444 laudabant
1248 4380 1338 4457 aliqui
1353 4378 1460 4440 Confu-

190 4504 273 4578 dem,
297 4500 378 4581 quod
392 4499 434 4561 eie
448 4500 544 4577 munis
568 4497 718 4559 tradiderit
743 4516 837 4557 rerem
857 4496 975 4575 regendi
999 4504 1103 4575 ertem3
1126 4495 1286 4575 arguebant
1298 4493 1356 4564 elii,
1381 4493 1460 4570 quod

189 4618 230 4678 sin
252 4616 376 4677 nimium
400 4613 454 4673 sibi
477 4612 649 4685 attribuerit,
673 4611 868 4690 principesque
893 4609 1052 4689 deponendi
1075 4607 1120 4670 vel
1143 4607 1300 4672 extollendi
1323 4606 1458 4680 rationes,

187 4731 372 4814 praemiorum
385 4724 643 4806 suppliciorumque
655 4722 769 4804 seguine
788 4723 944 4785 tradiderit.
