3574 5664
559 453 655 497 earm
675 451 818 505 duumuir
831 465 872 480 -
884 452 958 497 aaut
977 452 1067 496 aaron
1394 441 1452 500 156

229 566 261 630 3.
285 566 495 648 Philosophus
509 567 551 632 ait
568 587 576 630 ε
593 566 734 632 dunum
749 584 809 631 non
825 567 932 645 excoli,
949 566 1104 633 seientiam
1120 584 1179 631 non
1196 568 1332 646 edisseri,
1348 571 1451 652 cogni-

173 684 235 745 tam
249 680 403 760 justitiam
419 697 480 750 uon
496 696 582 763 posse
596 681 747 763 prosequi,
772 681 872 748 miuus
891 687 1006 747 rectum
1022 698 1081 745 non
1098 697 1185 763 posse
1199 683 1370 761 emendare,
1388 686 1453 750 bae

176 811 224 861 me
238 794 417 860 sollicitant.

235 910 265 975 l.
288 909 453 974 Goniueius
467 910 590 975 vacivus
604 910 728 992 degens,
751 915 925 989 exporrecto
940 915 1006 973 erat
1020 909 1120 973 animo
1136 910 1282 990 hilarique
1298 910 1406 976 fronte.

236 1025 265 1089 5.
290 1023 493 1104 Philosophus
507 1025 550 1088 ait
567 1043 574 1087 :
593 1025 754 1089 admodum
768 1039 840 1087 sane
855 1038 914 1107 ego
929 1022 1067 1089 contabui
1086 1041 1094 1086 :
1110 1022 1223 1103 jamdiu
1239 1039 1297 1108 ego
1314 1040 1374 1089 non
1389 1041 1452 1092 am·

179 1138 257 1220 plius
272 1154 326 1218 per
340 1138 493 1202 somnium
508 1137 594 1203 rideo
609 1139 731 1203 'lehcou
746 1138 857 1203 Ducem
874 1133 930 1221 (1).

237 1252 268 1318 6.
291 1250 492 1333 Philosophus
506 1252 568 1315 ait:
586 1251 706 1317 intende
720 1252 751 1317 in
762 1230 875 1317 rectam
891 1250 1068 1326 doctrinam,
1086 1249 1190 1314 insisto
1205 1252 1236 1315 in
1251 1251 1404 1331 virtutem,
1422 1269 1453 1317 a·

179 1365 280 1430 dhaere
295 1366 326 1429 in
341 1366 440 1431 cordis
455 1364 677 1445 perlectionem,
697 1373 727 1431 te
743 1380 845 1431 recrea
859 1365 891 1428 in
907 1364 1080 1431 liberalibus
1094 1363 1268 1444 disciplinis.

237 1481 270 1542 7.
293 1479 493 1559 Philosophus
507 1479 569 1544 ait:
587 1479 614 1543 si
627 1478 754 1558 ipsemet
769 1478 929 1558 praeterens
944 1478 1119 1543 fasciculum
1135 1479 1221 1544 sicea
1236 1479 1335 1545 earnis
1350 1495 1453 1546 moen·

179 1593 243 1670 dat,
261 1609 319 1677 ego
334 1593 467 1660 nondum
483 1594 580 1660 ullum
595 1609 656 1657 nou
671 1594 776 1659 edocui
792 1589 848 1676 (1).

238 1707 270 1772 8.
292 1705 493 1786 Philosophus
507 1707 548 1772 ait
566 1727 573 1771 :
592 1722 652 1771 non
672 1714 830 1772 conantem
848 1706 1018 1789 intelligere
1040 1722 1100 1770 uon
1122 1706 1237 1784 erudio,
1260 1722 1320 1772 non
1343 1723 1452 1774 conau-

179 1826 241 1885 tem
256 1820 338 1901 loqrri
358 1835 418 1884 non
438 1821 582 1901 expedio;
600 1820 626 1884 si
646 1820 796 1902 proposito
813 1835 874 1885 uno
891 1820 1015 1904 angulo,
1034 1836 1165 1903 nequeas
1180 1822 1216 1886 de
1227 1821 1323 1887 trihus
1345 1822 1454 1888 ueteris

180 1950 334 2015 reponere,
352 1934 491 2016 jamnon
507 1941 651 2015 repetam.

237 2046 269 2113 9.
292 2048 452 2113 Gouiueius
466 2049 625 2113 comedens
639 2048 677 2113 ad
690 2047 829 2112 habentis
844 2048 933 2112 funus
948 2048 1039 2125 latus,
1057 2047 1137 2113 haud
1149 2065 1282 2129 unquam
1297 2049 1452 2116 saturaba-

180 2167 229 2228 tur
246 2181 253 2225 :
272 2162 432 2227 Goutneius
446 2162 478 2226 in
493 2178 551 2242 qua
567 2161 614 2227 die
629 2162 833 2240 condoluerat,
848 2161 911 2242 jam
926 2177 986 2227 non
1001 2161 1151 2227 cantabat.

237 2276 290 2341 10.
314 2276 514 2355 Philosophus
528 2276 684 2355 alloquens
698 2275 764 2340 Yeu
780 2292 858 2360 yueu
873 2275 966 2341 dixit:
985 2281 1019 2338 ut
1032 2275 1156 2341 adhibiti
1171 2275 1291 2356 quidem
1310 2293 1450 2360 agamus,

180 2388 304 2471 depositi
320 2404 391 2454 vero
420 2389 583 2466 latitamus,
603 2390 747 2455 duntaxat
762 2405 819 2472 ego
834 2396 865 2454 et
879 2396 912 2454 tu
927 2406 1032 2453 sumus
1046 2391 1097 2454 ita.
1123 2391 1183 2455 Tse
1197 2391 1247 2454 lou
1262 2391 1305 2455 ait
1322 2412 1329 2455 :
1347 2391 1374 2456 si
1389 2406 1451 2455 ma·

181 2503 272 2585 gistor
291 2503 433 2568 educeret
447 2502 504 2568 tria
524 2502 657 2585 agmina,
682 2509 754 2567 tunc
770 2518 930 2582 quemnam
948 2503 1004 2567 sibi
1020 2503 1182 2570 associaret
1202 2501 1269 2588 (311
1291 2504 1452 2570 Coniucms

180 2615 239 2680 ait:
257 2616 323 2681 sine
332 2618 426 2681 armis
440 2616 666 2699 aggredientem
681 2615 802 2698 tigrem,
821 2616 885 2680 sine
901 2616 1006 2700 cymba
1021 2633 1054 2682 se
1069 2617 1304 2682 committentem
1321 2617 1448 2696 lumini,

181 2730 415 2811 morientemque
430 2729 541 2810 absque
556 2729 667 2807 dolore,
692 2744 750 2812 ego
765 2745 825 2799 non
840 2730 914 2796 mibi
928 2731 1108 2798 associarem
1126 2751 1133 2794 :
1151 2731 1176 2794 si
1191 2746 1280 2811 quem
1295 2731 1444 2809 deberem,

180 2845 311 2924 prolecto
326 2844 378 2925 qui
397 2844 573 2929 aggreditur
592 2859 640 2908 res
660 2858 729 2911 cum
749 2843 1025 2926 circumspectione,
1047 2850 1077 2909 et
1092 2852 1174 2910 amat
1193 2844 1391 2925 praemeditari
1411 2845 1450 2910 ad

180 2957 403 3037 perficiendum.

218 3250 262 3329 (1)
282 3261 382 3320 Mente
393 3278 445 3338 per
457 3258 532 3321 diem
546 3258 577 3316 in
591 3257 679 3318 Ducis
693 3254 826 3334 exempla
840 3253 938 3327 influa,
951 3254 1033 3333 hujus
1045 3257 1142 3334 imago
1152 3273 1202 3334 per
1211 3256 1362 3328 somnium,
1376 3254 1447 3316 dum

179 3373 307 3451 rigerem
320 3373 399 3444 anni,
413 3371 574 3434 recurrebat
588 3393 597 3432 t
610 3370 727 3432 evanuit
740 3377 844 3443 autem,
860 3371 1071 3449 ingravescente
1084 3377 1178 3429 aetate.

214 3478 259 3558 (2)
278 3487 431 3547 Minimum
453 3484 600 3557 minerva,
618 3481 668 3545 sed
681 3482 718 3545 ab
731 3480 848 3543 alumno
868 3486 930 3561 ipso
950 3494 1110 3543 reverenter
1130 3480 1259 3541 oblatum
1274 3480 1446 3545 :fasciculus

179 3601 328 3660 oonatabat
347 3600 446 3660 decem
459 3599 563 3659 frustis.
586 3595 701 3659 Phrasis
714 3603 808 3675 potest
821 3596 908 3656 etiam
922 3596 963 3655 sic
974 3594 1109 3685 explicari
1123 3617 1132 3656 a
1145 3595 1183 3654 ub
1204 3596 1340 3658 offerente
1360 3593 1446 3659 suaui-

180 3713 272 3775 oulum
286 3714 380 3773 earnis
393 3720 423 3773 et
435 3711 520 3785 ultra,
534 3731 588 3790 ego
602 3731 701 3771 omnes
715 3727 795 3786 aeque
808 3709 916 3769 edocui.

217 3818 262 3894 (3)
282 3826 398 3906 Agmeu
421 3826 572 3888 constabat
587 3826 683 3886 12500
696 3823 785 3885 virise
802 3823 961 3902 potentiora
971 3841 1061 3901 regua
1071 3821 1217 3883 habebant
1228 3821 1285 3881 tria
1298 3822 1427 3899 agmina.

191 4209 256 4324 ᾖ*
272 4236 366 4304 dom,
380 4232 601 4294 inclinatuurad
614 4233 690 4292 latus
701 4253 709 4290 a
720 4229 791 4292 uilia.
923 4229 1085 4292 homiuibus
1098 4239 1242 4291 oomtaua
1260 4231 1382 4292 R.159.

272 4325 404 4435 u‘rdss,
417 4347 574 4427 spanum.
828 4314 893 4428 ‘R
921 4345 1107 4423 monogam

187 4439 253 4554 Q
270 4453 359 4538 K‘ou‚
373 4462 493 4542 plorare.
506 4464 543 4522 R.
558 4440 605 4521 80.
822 4433 892 4541 (ἦῆ
918 4446 1014 4533 P‘nru,
1035 4455 1219 4538 equuarelox
1235 4478 1243 4516 a
1258 4457 1351 4530 inniti,
1375 4457 1442 4517 lide·

107 4578 112 4587 '
173 4552 239 4665 (2st
265 4580 325 4654 Ko,
338 4577 447 4650 mutio,
463 4575 596 4654 hymnus.
920 4574 1042 4634 tessine
1051 4570 1224 4632 adminiculo
1232 4571 1328 4630 inniti.
1342 4569 1439 4643 Ferro,

169 4674 237 4788 (ᾗ
265 4694 360 4769 mus,
395 4691 546 4764 exereitus,
580 4686 656 4767 legio
690 4690 789 4748 12500
931 4687 1150 4768 cognomenlt.
1165 4684 1231 4746 187.

10 4810 24 5077 >
245 4830 270 4874 η
1318 4798 1357 4855 33
