<?xml version="1.0" encoding="UTF-8"?>
<!DOCTYPE html PUBLIC "-//W3C//DTD XHTML 1.0 Transitional//EN"
    "http://www.w3.org/TR/xhtml1/DTD/xhtml1-transitional.dtd">
<html xmlns="http://www.w3.org/1999/xhtml" xml:lang="en" lang="en">
 <head>
  <title>
</title>
<meta http-equiv="Content-Type" content="text/html;charset=utf-8" />
  <meta name='ocr-system' content='tesseract 3.04.00' />
  <meta name='ocr-capabilities' content='ocr_page ocr_carea ocr_par ocr_line ocrx_word'/>
</head>
<body>
  <div class='ocr_page' id='page_1' title='image "./cursuslitteratu00zottgoog_0151.png"; bbox 0 0 3574 5666; ppageno 0'>
   <div class='ocr_carea' id='block_1_1' title="bbox 371 1150 1178 1529">
    <p class='ocr_par' dir='ltr' id='par_1_1' title="bbox 371 1150 1178 1529">
     <span class='ocr_line' id='line_1_1' title="bbox 621 1150 928 1274; baseline 0.016 -5"><span class='ocrx_word' id='word_1_1' title='bbox 621 1150 928 1274; x_wconf 88' lang='lat' dir='ltr'>LIBER</span> 
     </span>
     <span class='ocr_line' id='line_1_2' title="bbox 371 1422 1178 1529; baseline 0.005 -4"><span class='ocrx_word' id='word_1_2' title='bbox 371 1422 738 1526; x_wconf 68' lang='lat' dir='ltr'>TERNARUM‘</span> <span class='ocrx_word' id='word_1_3' title='bbox 756 1424 1178 1529; x_wconf 69' lang='lat' dir='ltr'><strong>munusculum</strong></span> 
     </span>
    </p>
   </div>
   <div class='ocr_carea' id='block_1_2' title="bbox 296 1793 1248 1861">
    <p class='ocr_par' dir='ltr' id='par_1_2' title="bbox 296 1793 1248 1861">
     <span class='ocr_line' id='line_1_3' title="bbox 296 1793 1248 1861; baseline 0.004 -6"><span class='ocrx_word' id='word_1_4' title='bbox 296 1793 517 1855; x_wconf 65' lang='lat' dir='ltr'><strong>conductu·</strong></span> <span class='ocrx_word' id='word_1_5' title='bbox 552 1794 797 1856; x_wconf 80' lang='lat' dir='ltr'>DYNASTIAE</span> <span class='ocrx_word' id='word_1_6' title='bbox 834 1797 944 1858; x_wconf 79' lang='lat' dir='ltr'>SONG</span> <span class='ocrx_word' id='word_1_7' title='bbox 977 1796 1248 1861; x_wconf 83' lang='lat' dir='ltr'>LITTERATUS</span> 
     </span>
    </p>
   </div>
   <div class='ocr_carea' id='block_1_3' title="bbox 489 1939 1063 2054">
    <p class='ocr_par' dir='ltr' id='par_1_3' title="bbox 489 1939 1063 2054">
     <span class='ocr_line' id='line_1_4' title="bbox 489 1939 1063 2054; baseline 0.01 -35"><span class='ocrx_word' id='word_1_8' title='bbox 489 1961 618 2023; x_wconf 77' lang='lat' dir='ltr'><strong>innuo</strong></span> <span class='ocrx_word' id='word_1_9' title='bbox 639 1939 690 2021; x_wconf 77' lang='lat' dir='ltr'><strong>rb</strong></span> <span class='ocrx_word' id='word_1_10' title='bbox 712 1963 831 2025; x_wconf 79' lang='lat' dir='ltr'><strong>onnon</strong></span> <span class='ocrx_word' id='word_1_11' title='bbox 853 1949 904 2048; x_wconf 66' lang='grc' dir='ltr'>Ξ</span> <span class='ocrx_word' id='word_1_12' title='bbox 920 1939 976 2047; x_wconf 66' lang='lat' dir='ltr'><strong>id]</strong></span> <span class='ocrx_word' id='word_1_13' title='bbox 992 1943 1063 2054; x_wconf 60' lang='grc' dir='ltr'><strong>Ε.</strong></span> 
     </span>
    </p>
   </div>
   <div class='ocr_carea' id='block_1_4' title="bbox 670 2180 885 2223">
    <p class='ocr_par' dir='ltr' id='par_1_4' title="bbox 670 2180 885 2223">
     <span class='ocr_line' id='line_1_5' title="bbox 670 2180 885 2223; baseline 0.005 -11"><span class='ocrx_word' id='word_1_14' title='bbox 670 2180 885 2223; x_wconf 48' lang='grc' dir='ltr'><strong>-ῡοκοῡ-ῠ</strong></span> 
     </span>
    </p>
   </div>
   <div class='ocr_carea' id='block_1_5' title="bbox 137 2355 1404 2788">
    <p class='ocr_par' dir='ltr' id='par_1_5' title="bbox 137 2355 1404 2788">
     <span class='ocr_line' id='line_1_6' title="bbox 174 2355 1403 2444; baseline 0.004 -19"><span class='ocrx_word' id='word_1_15' title='bbox 174 2360 316 2427; x_wconf 84' lang='lat' dir='ltr'><strong>Hominis</strong></span> <span class='ocrx_word' id='word_1_16' title='bbox 337 2360 436 2437; x_wconf 93' lang='lat' dir='ltr'><strong>initio,</strong></span> <span class='ocrx_word' id='word_1_17' title='bbox 459 2366 567 2425; x_wconf 87' lang='lat' dir='ltr'><strong>natura</strong></span> <span class='ocrx_word' id='word_1_18' title='bbox 581 2378 635 2442; x_wconf 83' lang='lat' dir='ltr'><strong>ner</strong></span> <span class='ocrx_word' id='word_1_19' title='bbox 648 2379 680 2429; x_wconf 87' lang='lat' dir='ltr'><strong>se</strong></span> <span class='ocrx_word' id='word_1_20' title='bbox 694 2371 740 2429; x_wconf 87' lang='lat' dir='ltr'><strong>est</strong></span> <span class='ocrx_word' id='word_1_21' title='bbox 754 2363 831 2429; x_wconf 87' lang='lat' dir='ltr'><strong>bona</strong></span> <span class='ocrx_word' id='word_1_22' title='bbox 855 2384 862 2429; x_wconf 93' lang='lat'>:</span> <span class='ocrx_word' id='word_1_23' title='bbox 886 2371 916 2429; x_wconf 92' lang='lat' dir='ltr'><strong>et</strong></span> <span class='ocrx_word' id='word_1_24' title='bbox 929 2363 972 2429; x_wconf 90' lang='lat' dir='ltr'><strong>sic</strong></span> <span class='ocrx_word' id='word_1_25' title='bbox 987 2370 1100 2428; x_wconf 83' lang='lat' dir='ltr'><strong>naturae</strong></span> <span class='ocrx_word' id='word_1_26' title='bbox 1123 2355 1250 2429; x_wconf 84' lang='lat' dir='ltr'><strong>invicem</strong></span> <span class='ocrx_word' id='word_1_27' title='bbox 1267 2364 1403 2444; x_wconf 75' lang='lat' dir='ltr'><strong>approxi-</strong></span> 
     </span>
     <span class='ocr_line' id='line_1_7' title="bbox 138 2474 1401 2560; baseline 0.004 -23"><span class='ocrx_word' id='word_1_28' title='bbox 138 2482 237 2551; x_wconf 79' lang='lat' dir='ltr'><strong>mant3</strong></span> <span class='ocrx_word' id='word_1_29' title='bbox 254 2481 289 2539; x_wconf 83' lang='lat' dir='ltr'><strong>at</strong></span> <span class='ocrx_word' id='word_1_30' title='bbox 304 2490 407 2539; x_wconf 87' lang='lat' dir='ltr'><strong>mores</strong></span> <span class='ocrx_word' id='word_1_31' title='bbox 421 2474 550 2538; x_wconf 85' lang='lat' dir='ltr'><strong>invicem</strong></span> <span class='ocrx_word' id='word_1_32' title='bbox 564 2475 686 2541; x_wconf 85' lang='lat' dir='ltr'><strong>distant.</strong></span> <span class='ocrx_word' id='word_1_33' title='bbox 707 2478 737 2541; x_wconf 87' lang='lat' dir='ltr'><strong>Si</strong></span> <span class='ocrx_word' id='word_1_34' title='bbox 752 2479 827 2542; x_wconf 81' lang='lat' dir='ltr'>desit</span> <span class='ocrx_word' id='word_1_35' title='bbox 841 2478 986 2555; x_wconf 76' lang='lat' dir='ltr'>educatio,</span> <span class='ocrx_word' id='word_1_36' title='bbox 1004 2484 1109 2542; x_wconf 88' lang='lat' dir='ltr'><strong>natura</strong></span> <span class='ocrx_word' id='word_1_37' title='bbox 1122 2478 1183 2559; x_wconf 79' lang='lat' dir='ltr'><strong>iam</strong></span> <span class='ocrx_word' id='word_1_38' title='bbox 1198 2478 1401 2560; x_wconf 78' lang='lat' dir='ltr'><strong>degenerabit.</strong></span> 
     </span>
     <span class='ocr_line' id='line_1_8' title="bbox 137 2588 1404 2674; baseline 0.002 -21"><span class='ocrx_word' id='word_1_39' title='bbox 137 2588 391 2653; x_wconf 83' lang='lat' dir='ltr'><strong>-Educationis</strong></span> <span class='ocrx_word' id='word_1_40' title='bbox 419 2588 497 2652; x_wconf 89' lang='lat' dir='ltr'><strong>ratic</strong></span> <span class='ocrx_word' id='word_1_41' title='bbox 523 2589 653 2672; x_wconf 78' lang='lat' dir='ltr'><strong>exigitur</strong></span> <span class='ocrx_word' id='word_1_42' title='bbox 676 2606 712 2655; x_wconf 81' lang='lat' dir='ltr'><strong>eu</strong></span> <span class='ocrx_word' id='word_1_43' title='bbox 741 2598 803 2656; x_wconf 92' lang='lat' dir='ltr'><strong>toto</strong></span> <span class='ocrx_word' id='word_1_44' title='bbox 830 2592 940 2655; x_wconf 89' lang='lat' dir='ltr'><strong>animo.</strong></span> <span class='ocrx_word' id='word_1_45' title='bbox 963 2590 1041 2656; x_wconf 87' lang='lat' dir='ltr'><strong>Olim</strong></span> <span class='ocrx_word' id='word_1_46' title='bbox 1055 2592 1172 2656; x_wconf 79' lang='lat' dir='ltr'><strong>lientdi</strong></span> <span class='ocrx_word' id='word_1_47' title='bbox 1188 2598 1283 2655; x_wconf 87' lang='lat' dir='ltr'><strong>mater</strong></span> <span class='ocrx_word' id='word_1_48' title='bbox 1297 2592 1404 2674; x_wconf 81' lang='lat' dir='ltr'><strong>selegit</strong></span> 
     </span>
     <span class='ocr_line' id='line_1_9' title="bbox 137 2700 1403 2788; baseline 0.002 -24"><span class='ocrx_word' id='word_1_49' title='bbox 137 2702 303 2766; x_wconf 80' lang='lat' dir='ltr'><strong>vicinatum</strong></span> <span class='ocrx_word' id='word_1_50' title='bbox 318 2703 355 2765; x_wconf 83' lang='lat' dir='ltr'><strong>ad</strong></span> <span class='ocrx_word' id='word_1_51' title='bbox 372 2702 566 2765; x_wconf 87' lang='lat' dir='ltr'><strong>habitandum</strong></span> <span class='ocrx_word' id='word_1_52' title='bbox 583 2700 639 2787; x_wconf 90' lang='lat' dir='ltr'><strong>(l),</strong></span> <span class='ocrx_word' id='word_1_53' title='bbox 655 2712 685 2767; x_wconf 92' lang='lat' dir='ltr'><strong>et</strong></span> <span class='ocrx_word' id='word_1_54' title='bbox 699 2720 767 2768; x_wconf 90' lang='lat' dir='ltr'><strong>cum</strong></span> <span class='ocrx_word' id='word_1_55' title='bbox 783 2704 860 2768; x_wconf 88' lang='lat' dir='ltr'><strong>lilius</strong></span> <span class='ocrx_word' id='word_1_56' title='bbox 874 2721 933 2770; x_wconf 93' lang='lat' dir='ltr'><strong>non</strong></span> <span class='ocrx_word' id='word_1_57' title='bbox 947 2706 1122 2781; x_wconf 80' lang='lat' dir='ltr'><strong>addisceret,</strong></span> <span class='ocrx_word' id='word_1_58' title='bbox 1140 2705 1229 2788; x_wconf 84' lang='lat' dir='ltr'><strong>lregit</strong></span> <span class='ocrx_word' id='word_1_59' title='bbox 1242 2704 1403 2768; x_wconf 77' lang='lat' dir='ltr'><strong>tentorium</strong></span> 
     </span>
    </p>
   </div>
   <div class='ocr_carea' id='block_1_6' title="bbox 137 2813 1404 2899">
    <p class='ocr_par' dir='ltr' id='par_1_6' title="bbox 137 2813 1404 2899">
     <span class='ocr_line' id='line_1_10' title="bbox 137 2813 1404 2899; baseline 0.003 -21"><span class='ocrx_word' id='word_1_60' title='bbox 137 2816 251 2878; x_wconf 87' lang='lat' dir='ltr'><strong>radium</strong></span> <span class='ocrx_word' id='word_1_61' title='bbox 280 2813 338 2899; x_wconf 74' lang='lat' dir='ltr'><strong>(i).</strong></span> <span class='ocrx_word' id='word_1_62' title='bbox 370 2816 453 2879; x_wconf 82' lang='lat' dir='ltr'><strong>Teon</strong></span> <span class='ocrx_word' id='word_1_63' title='bbox 475 2830 530 2899; x_wconf 76' lang='lat' dir='ltr'><strong>yon</strong></span> <span class='ocrx_word' id='word_1_64' title='bbox 553 2817 629 2880; x_wconf 91' lang='lat' dir='ltr'><strong>clran</strong></span> <span class='ocrx_word' id='word_1_65' title='bbox 653 2816 780 2882; x_wconf 88' lang='lat' dir='ltr'><strong>babebat</strong></span> <span class='ocrx_word' id='word_1_66' title='bbox 800 2834 928 2898; x_wconf 85' lang='lat' dir='ltr'><strong>aequum</strong></span> <span class='ocrx_word' id='word_1_67' title='bbox 950 2819 1089 2895; x_wconf 80' lang='lat' dir='ltr'><strong>modum3</strong></span> <span class='ocrx_word' id='word_1_68' title='bbox 1115 2819 1252 2883; x_wconf 84' lang='lat' dir='ltr'><strong>educarit</strong></span> <span class='ocrx_word' id='word_1_69' title='bbox 1272 2816 1404 2898; x_wconf 80' lang='lat' dir='ltr'><strong>quinque</strong></span> 
     </span>
    </p>
   </div>
   <div class='ocr_carea' id='block_1_7' title="bbox 133 2928 1403 3467">
    <p class='ocr_par' dir='ltr' id='par_1_7' title="bbox 133 2928 1403 3467">
     <span class='ocr_line' id='line_1_11' title="bbox 136 2928 1399 3013; baseline 0.003 -22"><span class='ocrx_word' id='word_1_70' title='bbox 136 2928 220 3005; x_wconf 86' lang='lat' dir='ltr'><strong>lilios,</strong></span> <span class='ocrx_word' id='word_1_71' title='bbox 249 2929 336 2992; x_wconf 83' lang='lat' dir='ltr'><strong>lama</strong></span> <span class='ocrx_word' id='word_1_72' title='bbox 361 2943 466 2992; x_wconf 88' lang='lat' dir='ltr'><strong>omnes</strong></span> <span class='ocrx_word' id='word_1_73' title='bbox 490 2929 632 2993; x_wconf 73' lang='lat' dir='ltr'><strong>celebres,</strong></span> <span class='ocrx_word' id='word_1_74' title='bbox 667 2929 755 2995; x_wconf 81' lang='lat' dir='ltr'><strong>Alere</strong></span> <span class='ocrx_word' id='word_1_75' title='bbox 778 2937 809 2996; x_wconf 94' lang='lat' dir='ltr'><strong>et</strong></span> <span class='ocrx_word' id='word_1_76' title='bbox 832 2947 892 2995; x_wconf 95' lang='lat' dir='ltr'><strong>non</strong></span> <span class='ocrx_word' id='word_1_77' title='bbox 917 2931 1075 3010; x_wconf 89' lang='lat' dir='ltr'><strong>instruere,</strong></span> <span class='ocrx_word' id='word_1_78' title='bbox 1102 2932 1195 3013; x_wconf 78' lang='lat' dir='ltr'><strong>patris</strong></span> <span class='ocrx_word' id='word_1_79' title='bbox 1218 2938 1265 2996; x_wconf 86' lang='lat' dir='ltr'><strong>est</strong></span> <span class='ocrx_word' id='word_1_80' title='bbox 1288 2931 1399 3010; x_wconf 74' lang='lat' dir='ltr'><strong>culosi</strong></span> 
     </span>
     <span class='ocr_line' id='line_1_12' title="bbox 134 3041 1403 3126; baseline 0.002 -22"><span class='ocrx_word' id='word_1_81' title='bbox 134 3041 292 3106; x_wconf 82' lang='lat' dir='ltr'><strong>instruere</strong></span> <span class='ocrx_word' id='word_1_82' title='bbox 303 3049 336 3105; x_wconf 89' lang='lat' dir='ltr'><strong>at</strong></span> <span class='ocrx_word' id='word_1_83' title='bbox 349 3056 409 3105; x_wconf 95' lang='lat' dir='ltr'><strong>non</strong></span> <span class='ocrx_word' id='word_1_84' title='bbox 424 3042 514 3118; x_wconf 92' lang='lat' dir='ltr'><strong>serio,</strong></span> <span class='ocrx_word' id='word_1_85' title='bbox 536 3050 582 3106; x_wconf 89' lang='lat' dir='ltr'><strong>est</strong></span> <span class='ocrx_word' id='word_1_86' title='bbox 597 3045 733 3126; x_wconf 81' lang='lat' dir='ltr'><strong>magistri</strong></span> <span class='ocrx_word' id='word_1_87' title='bbox 751 3043 881 3126; x_wconf 82' lang='lat' dir='ltr'><strong>pigritia.</strong></span> <span class='ocrx_word' id='word_1_88' title='bbox 905 3045 1011 3109; x_wconf 82' lang='lat' dir='ltr'><strong>llilium</strong></span> <span class='ocrx_word' id='word_1_89' title='bbox 1026 3061 1084 3109; x_wconf 95' lang='lat' dir='ltr'><strong>non</strong></span> <span class='ocrx_word' id='word_1_90' title='bbox 1098 3045 1260 3121; x_wconf 81' lang='lat' dir='ltr'><strong>addiscere,</strong></span> <span class='ocrx_word' id='word_1_91' title='bbox 1283 3060 1341 3108; x_wconf 92' lang='lat' dir='ltr'><strong>non</strong></span> <span class='ocrx_word' id='word_1_92' title='bbox 1356 3050 1403 3109; x_wconf 88' lang='lat' dir='ltr'><strong>est</strong></span> 
     </span>
     <span class='ocr_line' id='line_1_13' title="bbox 134 3154 1401 3241; baseline 0.001 -21"><span class='ocrx_word' id='word_1_93' title='bbox 134 3156 210 3233; x_wconf 77' lang='lat' dir='ltr'><strong>quod</strong></span> <span class='ocrx_word' id='word_1_94' title='bbox 224 3156 374 3219; x_wconf 88' lang='lat' dir='ltr'><strong>conducit</strong></span> <span class='ocrx_word' id='word_1_95' title='bbox 390 3174 397 3219; x_wconf 94' lang='lat'>:</span> <span class='ocrx_word' id='word_1_96' title='bbox 413 3154 531 3234; x_wconf 79' lang='lat' dir='ltr'><strong>iuvenis</strong></span> <span class='ocrx_word' id='word_1_97' title='bbox 545 3171 604 3220; x_wconf 93' lang='lat' dir='ltr'><strong>non</strong></span> <span class='ocrx_word' id='word_1_98' title='bbox 619 3158 757 3235; x_wconf 86' lang='lat' dir='ltr'><strong>addiscis,</strong></span> <span class='ocrx_word' id='word_1_99' title='bbox 779 3173 870 3222; x_wconf 82' lang='lat' dir='ltr'><strong>senex</strong></span> <span class='ocrx_word' id='word_1_100' title='bbox 888 3158 957 3238; x_wconf 85' lang='lat' dir='ltr'><strong>quid</strong></span> <span class='ocrx_word' id='word_1_101' title='bbox 971 3165 1066 3241; x_wconf 75' lang='lat' dir='ltr'><strong>ages?</strong></span> <span class='ocrx_word' id='word_1_102' title='bbox 1088 3156 1219 3238; x_wconf 76' lang='lat' dir='ltr'><strong>lapillus</strong></span> <span class='ocrx_word' id='word_1_103' title='bbox 1231 3172 1292 3221; x_wconf 94' lang='lat' dir='ltr'><strong>non</strong></span> <span class='ocrx_word' id='word_1_104' title='bbox 1316 3158 1401 3222; x_wconf 78' lang='lat' dir='ltr'><strong>caela·</strong></span> 
     </span>
     <span class='ocr_line' id='line_1_14' title="bbox 135 3268 1402 3351; baseline 0.004 -22"><span class='ocrx_word' id='word_1_105' title='bbox 135 3275 180 3330; x_wconf 87' lang='lat' dir='ltr'><strong>tus</strong></span> <span class='ocrx_word' id='word_1_106' title='bbox 194 3284 259 3332; x_wconf 93' lang='lat' dir='ltr'><strong>non</strong></span> <span class='ocrx_word' id='word_1_107' title='bbox 280 3268 331 3332; x_wconf 88' lang='lat' dir='ltr'><strong>liet</strong></span> <span class='ocrx_word' id='word_1_108' title='bbox 345 3268 500 3332; x_wconf 84' lang='lat' dir='ltr'><strong>vasculum</strong></span> <span class='ocrx_word' id='word_1_109' title='bbox 522 3288 530 3332; x_wconf 91' lang='lat'>:</span> <span class='ocrx_word' id='word_1_110' title='bbox 551 3270 592 3333; x_wconf 88' lang='lat' dir='ltr'><strong>ita</strong></span> <span class='ocrx_word' id='word_1_111' title='bbox 612 3270 701 3334; x_wconf 89' lang='lat' dir='ltr'><strong>homo</strong></span> <span class='ocrx_word' id='word_1_112' title='bbox 720 3271 784 3335; x_wconf 88' lang='lat' dir='ltr'><strong>sinc</strong></span> <span class='ocrx_word' id='word_1_113' title='bbox 800 3273 898 3336; x_wconf 90' lang='lat' dir='ltr'><strong>studio</strong></span> <span class='ocrx_word' id='word_1_114' title='bbox 912 3287 972 3335; x_wconf 94' lang='lat' dir='ltr'><strong>non</strong></span> <span class='ocrx_word' id='word_1_115' title='bbox 986 3271 1060 3336; x_wconf 91' lang='lat' dir='ltr'><strong>sciet</strong></span> <span class='ocrx_word' id='word_1_116' title='bbox 1082 3272 1261 3351; x_wconf 79' lang='lat' dir='ltr'><strong>aequiuum</strong></span> <span class='ocrx_word' id='word_1_117' title='bbox 1286 3270 1342 3343; x_wconf 84' lang='lat' dir='ltr'><strong>Qui</strong></span> <span class='ocrx_word' id='word_1_118' title='bbox 1355 3278 1402 3334; x_wconf 84' lang='lat' dir='ltr'><strong>cst</strong></span> 
     </span>
     <span class='ocr_line' id='line_1_15' title="bbox 133 3380 1398 3467; baseline 0.002 -23"><span class='ocrx_word' id='word_1_119' title='bbox 133 3380 254 3445; x_wconf 80' lang='lat' dir='ltr'><strong>lamiliae</strong></span> <span class='ocrx_word' id='word_1_120' title='bbox 295 3381 385 3458; x_wconf 87' lang='lat' dir='ltr'><strong>lilius,</strong></span> <span class='ocrx_word' id='word_1_121' title='bbox 422 3383 492 3445; x_wconf 90' lang='lat' dir='ltr'><strong>dom</strong></span> <span class='ocrx_word' id='word_1_122' title='bbox 516 3383 649 3464; x_wconf 78' lang='lat' dir='ltr'><strong>pueritiae</strong></span> <span class='ocrx_word' id='word_1_123' title='bbox 672 3392 719 3448; x_wconf 86' lang='lat' dir='ltr'><strong>est</strong></span> <span class='ocrx_word' id='word_1_124' title='bbox 742 3392 871 3466; x_wconf 77' lang='lat' dir='ltr'><strong>temom,</strong></span> <span class='ocrx_word' id='word_1_125' title='bbox 900 3385 987 3449; x_wconf 89' lang='lat' dir='ltr'><strong>adeat</strong></span> <span class='ocrx_word' id='word_1_126' title='bbox 1011 3385 1188 3467; x_wconf 86' lang='lat' dir='ltr'><strong>magistrum</strong></span> <span class='ocrx_word' id='word_1_127' title='bbox 1216 3384 1398 3464; x_wconf 84' lang='lat' dir='ltr'><strong>amicosque,</strong></span> 
     </span>
    </p>
   </div>
   <div class='ocr_carea' id='block_1_8' title="bbox 130 3673 1399 4666">
    <p class='ocr_par' dir='ltr' id='par_1_8' title="bbox 131 3673 1399 4098">
     <span class='ocr_line' id='line_1_16' title="bbox 167 3673 1399 3758; baseline 0.006 -19"><span class='ocrx_word' id='word_1_128' title='bbox 167 3673 216 3752; x_wconf 87' lang='lat' dir='ltr'><strong>(l)</strong></span> <span class='ocrx_word' id='word_1_129' title='bbox 238 3679 363 3740; x_wconf 83' lang='lat' dir='ltr'><strong>Menisii</strong></span> <span class='ocrx_word' id='word_1_130' title='bbox 373 3687 466 3739; x_wconf 80' lang='lat' dir='ltr'><strong>mater</strong></span> <span class='ocrx_word' id='word_1_131' title='bbox 475 3679 597 3757; x_wconf 88' lang='lat' dir='ltr'><strong>primum</strong></span> <span class='ocrx_word' id='word_1_132' title='bbox 608 3678 750 3739; x_wconf 77' lang='lat' dir='ltr'><strong>habitavit</strong></span> <span class='ocrx_word' id='word_1_133' title='bbox 760 3698 846 3758; x_wconf 87' lang='lat' dir='ltr'><strong>prope</strong></span> <span class='ocrx_word' id='word_1_134' title='bbox 860 3677 983 3755; x_wconf 82' lang='lat' dir='ltr'><strong>lenium3</strong></span> <span class='ocrx_word' id='word_1_135' title='bbox 997 3700 1067 3758; x_wconf 89' lang='lat' dir='ltr'><strong>puer</strong></span> <span class='ocrx_word' id='word_1_136' title='bbox 1086 3680 1265 3741; x_wconf 66' lang='lat' dir='ltr'><strong>msucscebot</strong></span> <span class='ocrx_word' id='word_1_137' title='bbox 1278 3680 1399 3746; x_wconf 77' lang='lat' dir='ltr'><strong>lanienae</strong></span> 
     </span>
     <span class='ocr_line' id='line_1_17' title="bbox 131 3792 1398 3874; baseline 0.003 -20"><span class='ocrx_word' id='word_1_138' title='bbox 131 3794 214 3855; x_wconf 80' lang='lat' dir='ltr'><strong>rebus</strong></span> <span class='ocrx_word' id='word_1_139' title='bbox 240 3816 249 3855; x_wconf 74' lang='grc' dir='ltr'><strong><em>ε</em></strong></span> <span class='ocrx_word' id='word_1_140' title='bbox 281 3802 373 3853; x_wconf 79' lang='lat' dir='ltr'><strong>mater</strong></span> <span class='ocrx_word' id='word_1_141' title='bbox 395 3792 529 3870; x_wconf 81' lang='lat' dir='ltr'><strong>expavit,</strong></span> <span class='ocrx_word' id='word_1_142' title='bbox 552 3801 583 3852; x_wconf 86' lang='lat' dir='ltr'><strong>ct</strong></span> <span class='ocrx_word' id='word_1_143' title='bbox 606 3793 821 3870; x_wconf 78' lang='lat' dir='ltr'><strong>transmigrarit</strong></span> <span class='ocrx_word' id='word_1_144' title='bbox 844 3793 881 3852; x_wconf 84' lang='lat' dir='ltr'><strong>sd</strong></span> <span class='ocrx_word' id='word_1_145' title='bbox 905 3792 1113 3871; x_wconf 82' lang='lat' dir='ltr'><strong>sepulcretum3</strong></span> <span class='ocrx_word' id='word_1_146' title='bbox 1137 3814 1202 3872; x_wconf 87' lang='lat' dir='ltr'><strong>puer</strong></span> <span class='ocrx_word' id='word_1_147' title='bbox 1226 3796 1312 3873; x_wconf 81' lang='lat' dir='ltr'><strong>coepit</strong></span> <span class='ocrx_word' id='word_1_148' title='bbox 1332 3797 1398 3874; x_wconf 85' lang='lat' dir='ltr'><strong>joco</strong></span> 
     </span>
     <span class='ocr_line' id='line_1_18' title="bbox 131 3903 1398 3985; baseline 0.002 -18"><span class='ocrx_word' id='word_1_149' title='bbox 131 3908 241 3968; x_wconf 82' lang='lat' dir='ltr'><strong>imitari</strong></span> <span class='ocrx_word' id='word_1_150' title='bbox 260 3906 393 3966; x_wconf 78' lang='lat' dir='ltr'><strong>funebres</strong></span> <span class='ocrx_word' id='word_1_151' title='bbox 406 3906 485 3966; x_wconf 80' lang='lat' dir='ltr'><strong>ritus.</strong></span> <span class='ocrx_word' id='word_1_152' title='bbox 509 3903 601 3967; x_wconf 79' lang='lat' dir='ltr'><strong>Mater</strong></span> <span class='ocrx_word' id='word_1_153' title='bbox 614 3906 740 3984; x_wconf 79' lang='lat' dir='ltr'><strong>expavit,</strong></span> <span class='ocrx_word' id='word_1_154' title='bbox 761 3914 791 3965; x_wconf 87' lang='lat' dir='ltr'><strong>el</strong></span> <span class='ocrx_word' id='word_1_155' title='bbox 807 3907 1020 3984; x_wconf 79' lang='lat' dir='ltr'><strong>transmigrarit</strong></span> <span class='ocrx_word' id='word_1_156' title='bbox 1033 3907 1070 3967; x_wconf 84' lang='lat' dir='ltr'><strong>cd</strong></span> <span class='ocrx_word' id='word_1_157' title='bbox 1083 3908 1227 3985; x_wconf 82' lang='lat' dir='ltr'><strong>gymnasii</strong></span> <span class='ocrx_word' id='word_1_158' title='bbox 1240 3905 1324 3983; x_wconf 83' lang='lat' dir='ltr'><strong>latus,</strong></span> <span class='ocrx_word' id='word_1_159' title='bbox 1349 3911 1398 3971; x_wconf 89' lang='lat' dir='ltr'><strong>ubi</strong></span> 
     </span>
     <span class='ocr_line' id='line_1_19' title="bbox 131 4017 1238 4098; baseline 0.001 -18"><span class='ocrx_word' id='word_1_160' title='bbox 131 4040 253 4098; x_wconf 80' lang='lat' dir='ltr'><strong>poenam</strong></span> <span class='ocrx_word' id='word_1_161' title='bbox 269 4019 365 4081; x_wconf 83' lang='lat' dir='ltr'><strong>decori</strong></span> <span class='ocrx_word' id='word_1_162' title='bbox 377 4017 456 4097; x_wconf 82' lang='lat' dir='ltr'><strong>luges</strong></span> <span class='ocrx_word' id='word_1_163' title='bbox 470 4019 663 4079; x_wconf 79' lang='lat' dir='ltr'><strong>addiscentem</strong></span> <span class='ocrx_word' id='word_1_164' title='bbox 676 4018 783 4094; x_wconf 82' lang='lat' dir='ltr'><strong>ridens,</strong></span> <span class='ocrx_word' id='word_1_165' title='bbox 798 4019 893 4080; x_wconf 85' lang='lat' dir='ltr'><strong>sedem</strong></span> <span class='ocrx_word' id='word_1_166' title='bbox 907 4019 1023 4079; x_wconf 69' lang='lat' dir='ltr'><strong>mudum</strong></span> <span class='ocrx_word' id='word_1_167' title='bbox 1037 4039 1119 4081; x_wconf 84' lang='lat' dir='ltr'><strong>susm</strong></span> <span class='ocrx_word' id='word_1_168' title='bbox 1133 4021 1238 4081; x_wconf 80' lang='lat' dir='ltr'><strong>defixit.</strong></span> 
     </span>
    </p>

    <p class='ocr_par' dir='ltr' id='par_1_9' title="bbox 130 4124 1395 4666">
     <span class='ocr_line' id='line_1_20' title="bbox 167 4124 1395 4212; baseline 0.003 -20"><span class='ocrx_word' id='word_1_169' title='bbox 167 4124 215 4203; x_wconf 76' lang='lat'><strong>(2)</strong></span> <span class='ocrx_word' id='word_1_170' title='bbox 238 4131 384 4192; x_wconf 83' lang='lat' dir='ltr'><strong>Mentsius</strong></span> <span class='ocrx_word' id='word_1_171' title='bbox 397 4130 476 4206; x_wconf 89' lang='lat' dir='ltr'><strong>olim,</strong></span> <span class='ocrx_word' id='word_1_172' title='bbox 498 4151 563 4193; x_wconf 91' lang='lat' dir='ltr'><strong>oum</strong></span> <span class='ocrx_word' id='word_1_173' title='bbox 577 4132 716 4211; x_wconf 81' lang='lat' dir='ltr'><strong>spotiatus</strong></span> <span class='ocrx_word' id='word_1_174' title='bbox 729 4132 837 4203; x_wconf 85' lang='lat' dir='ltr'><strong>fuisset,</strong></span> <span class='ocrx_word' id='word_1_175' title='bbox 859 4132 974 4191; x_wconf 88' lang='lat' dir='ltr'><strong>domum</strong></span> <span class='ocrx_word' id='word_1_176' title='bbox 990 4133 1125 4212; x_wconf 84' lang='lat' dir='ltr'><strong>repetiit:</strong></span> <span class='ocrx_word' id='word_1_177' title='bbox 1141 4142 1240 4207; x_wconf 82' lang='lat' dir='ltr'><strong>mater,</strong></span> <span class='ocrx_word' id='word_1_178' title='bbox 1262 4143 1295 4194; x_wconf 82' lang='lat' dir='ltr'><strong>nt</strong></span> <span class='ocrx_word' id='word_1_179' title='bbox 1316 4136 1395 4212; x_wconf 88' lang='lat' dir='ltr'><strong>vidit,</strong></span> 
     </span>
     <span class='ocr_line' id='line_1_21' title="bbox 131 4243 1395 4325; baseline 0.003 -19"><span class='ocrx_word' id='word_1_180' title='bbox 131 4245 219 4306; x_wconf 76' lang='lat' dir='ltr'><strong>telam</strong></span> <span class='ocrx_word' id='word_1_181' title='bbox 235 4264 326 4324; x_wconf 78' lang='lat' dir='ltr'><strong>qnam</strong></span> <span class='ocrx_word' id='word_1_182' title='bbox 340 4244 506 4306; x_wconf 80' lang='lat' dir='ltr'><strong>conficiebat</strong></span> <span class='ocrx_word' id='word_1_183' title='bbox 520 4244 651 4324; x_wconf 78' lang='lat' dir='ltr'><strong>abrupit3</strong></span> <span class='ocrx_word' id='word_1_184' title='bbox 672 4243 782 4321; x_wconf 83' lang='lat' dir='ltr'><strong>illioque</strong></span> <span class='ocrx_word' id='word_1_185' title='bbox 803 4245 937 4305; x_wconf 84' lang='lat' dir='ltr'><strong>deterrito</strong></span> <span class='ocrx_word' id='word_1_186' title='bbox 958 4246 1111 4325; x_wconf 77' lang='lat' dir='ltr'><strong>explicarit</strong></span> <span class='ocrx_word' id='word_1_187' title='bbox 1133 4266 1257 4320; x_wconf 73' lang='lat' dir='ltr'><strong>osticam,</strong></span> <span class='ocrx_word' id='word_1_188' title='bbox 1276 4248 1395 4310; x_wconf 87' lang='lat' dir='ltr'><strong>diceus:</strong></span> 
     </span>
     <span class='ocr_line' id='line_1_22' title="bbox 131 4357 1395 4434; baseline 0.002 -15"><span class='ocrx_word' id='word_1_189' title='bbox 131 4367 178 4419; x_wconf 83' lang='lat' dir='ltr'><strong>lna</strong></span> <span class='ocrx_word' id='word_1_190' title='bbox 191 4359 295 4420; x_wconf 84' lang='lat' dir='ltr'><strong>studia</strong></span> <span class='ocrx_word' id='word_1_191' title='bbox 308 4357 504 4421; x_wconf 68' lang='lat' dir='ltr'><strong>umimiicntur</strong></span> <span class='ocrx_word' id='word_1_192' title='bbox 517 4358 598 4421; x_wconf 81' lang='lat' dir='ltr'><strong>istius</strong></span> <span class='ocrx_word' id='word_1_193' title='bbox 613 4357 676 4419; x_wconf 78' lang='lat' dir='ltr'><strong>cele</strong></span> <span class='ocrx_word' id='word_1_194' title='bbox 700 4358 870 4419; x_wconf 86' lang='lat' dir='ltr'><strong>confectioni</strong></span> <span class='ocrx_word' id='word_1_195' title='bbox 893 4380 900 4417; x_wconf 73' lang='grc' dir='ltr'><strong>ε</strong></span> <span class='ocrx_word' id='word_1_196' title='bbox 921 4378 959 4419; x_wconf 82' lang='lat' dir='ltr'><strong>cx</strong></span> <span class='ocrx_word' id='word_1_197' title='bbox 971 4360 1073 4420; x_wconf 84' lang='lat' dir='ltr'><strong>cubitis</strong></span> <span class='ocrx_word' id='word_1_198' title='bbox 1085 4360 1116 4420; x_wconf 84' lang='lat' dir='ltr'><strong>fit</strong></span> <span class='ocrx_word' id='word_1_199' title='bbox 1128 4357 1205 4434; x_wconf 81' lang='lat' dir='ltr'><strong>ulna,</strong></span> <span class='ocrx_word' id='word_1_200' title='bbox 1228 4379 1265 4420; x_wconf 84' lang='lat' dir='ltr'><strong>ex</strong></span> <span class='ocrx_word' id='word_1_201' title='bbox 1278 4358 1353 4421; x_wconf 82' lang='lat' dir='ltr'><strong>ulnis</strong></span> <span class='ocrx_word' id='word_1_202' title='bbox 1365 4363 1395 4423; x_wconf 85' lang='lat' dir='ltr'><strong>fit</strong></span> 
     </span>
     <span class='ocr_line' id='line_1_23' title="bbox 130 4470 1394 4553; baseline 0.004 -24"><span class='ocrx_word' id='word_1_203' title='bbox 130 4473 277 4535; x_wconf 83' lang='lat' dir='ltr'><strong>volumen.</strong></span> <span class='ocrx_word' id='word_1_204' title='bbox 297 4472 329 4534; x_wconf 83' lang='lat' dir='ltr'><strong>si</strong></span> <span class='ocrx_word' id='word_1_205' title='bbox 343 4482 373 4533; x_wconf 87' lang='lat' dir='ltr'><strong>tu</strong></span> <span class='ocrx_word' id='word_1_206' title='bbox 388 4473 516 4533; x_wconf 83' lang='lat' dir='ltr'><strong>studium</strong></span> <span class='ocrx_word' id='word_1_207' title='bbox 530 4472 683 4551; x_wconf 75' lang='lat' dir='ltr'><strong>cbrrrmpin,</strong></span> <span class='ocrx_word' id='word_1_208' title='bbox 694 4470 781 4549; x_wconf 76' lang='lat' dir='ltr'><strong>juxta</strong></span> <span class='ocrx_word' id='word_1_209' title='bbox 795 4492 829 4535; x_wconf 82' lang='lat' dir='ltr'><strong>ao</strong></span> <span class='ocrx_word' id='word_1_210' title='bbox 842 4472 867 4532; x_wconf 84' lang='lat' dir='ltr'><strong>si</strong></span> <span class='ocrx_word' id='word_1_211' title='bbox 881 4470 945 4532; x_wconf 81' lang='lat' dir='ltr'><strong>lelae</strong></span> <span class='ocrx_word' id='word_1_212' title='bbox 958 4472 1004 4533; x_wconf 78' lang='lat' dir='ltr'><strong>tile</strong></span> <span class='ocrx_word' id='word_1_213' title='bbox 1020 4473 1239 4553; x_wconf 79' lang='lat' dir='ltr'><strong>abmmpsntur3</strong></span> <span class='ocrx_word' id='word_1_214' title='bbox 1261 4471 1394 4534; x_wconf 87' lang='lat' dir='ltr'><strong>volumen</strong></span> 
     </span>
     <span class='ocr_line' id='line_1_24' title="bbox 130 4562 1393 4666; baseline 0.001 -20"><span class='ocrx_word' id='word_1_215' title='bbox 130 4594 177 4662; x_wconf 78' lang='lat' dir='ltr'><strong>qn</strong></span> <span class='ocrx_word' id='word_1_216' title='bbox 197 4586 383 4648; x_wconf 57' lang='lat' dir='ltr'><strong>amarunt</strong></span> <span class='ocrx_word' id='word_1_217' title='bbox 412 4583 554 4648; x_wconf 67' lang='lat' dir='ltr'><strong>meamus</strong></span> <span class='ocrx_word' id='word_1_218' title='bbox 573 4586 700 4666; x_wconf 63' lang='lat' dir='ltr'><strong>serpunt</strong></span> <span class='ocrx_word' id='word_1_219' title='bbox 722 4595 752 4647; x_wconf 73' lang='lat' dir='ltr'><strong>ec</strong></span> <span class='ocrx_word' id='word_1_220' title='bbox 771 4585 909 4663; x_wconf 59' lang='lat' dir='ltr'><strong>museo</strong></span> <span class='ocrx_word' id='word_1_221' title='bbox 931 4586 988 4648; x_wconf 71' lang='lat' dir='ltr'><strong>nse</strong></span> <span class='ocrx_word' id='word_1_222' title='bbox 1009 4604 1040 4648; x_wconf 65' lang='grc' dir='ltr'><strong><em>ω</em></strong></span> <span class='ocrx_word' id='word_1_223' title='bbox 1064 4562 1103 4651; x_wconf 70' lang='lat'><strong>3⁶</strong></span> <span class='ocrx_word' id='word_1_224' title='bbox 1126 4563 1169 4648; x_wconf 67' lang='grc' dir='ltr'>Β</span> <span class='ocrx_word' id='word_1_225' title='bbox 1192 4586 1294 4649; x_wconf 62' lang='lat' dir='ltr'><strong>mam</strong></span> <span class='ocrx_word' id='word_1_226' title='bbox 1314 4586 1393 4648; x_wconf 62' lang='lat' dir='ltr'><strong>aaut</strong></span> 
     </span>
    </p>
   </div>
   <div class='ocr_carea' id='block_1_9' title="bbox 130 4720 260 4779">
    <p class='ocr_par' dir='ltr' id='par_1_10' title="bbox 130 4720 260 4779">
     <span class='ocr_line' id='line_1_25' title="bbox 130 4720 260 4779; baseline 0.015 -21"><span class='ocrx_word' id='word_1_227' title='bbox 130 4720 260 4779; x_wconf 76' lang='lat' dir='ltr'><strong>operam.</strong></span> 
     </span>
    </p>
   </div>
   <div class='ocr_carea' id='block_1_10' title="bbox 0 0 1792 5666">
    <p class='ocr_par' dir='ltr' id='par_1_11' title="bbox 0 0 1792 5666">
     <span class='ocr_line' id='line_1_26' title="bbox 0 0 1792 5666; baseline 0 5"><span class='ocrx_word' id='word_1_228' title='bbox 0 0 1792 5666; x_wconf 95' lang='lat' dir='ltr'><strong> </strong></span> 
     </span>
    </p>
   </div>
  </div>
 </body>
</html>
