3672 5690
746 473 850 515 unqua
870 472 1006 516 somnum
1448 456 1505 514 169

239 587 404 667 Nunquam
419 587 474 650 luit
487 592 520 649 ut
532 584 667 666 superior
680 591 795 649 amaret
805 585 957 665 pietatem,
969 591 1000 648 et
1012 583 1167 649 inferiores
1181 600 1241 649 non
1254 591 1390 649 amarent
1405 586 1505 665 aequi·

240 707 354 776 tatem,
378 700 511 764 nondum
525 699 581 762 luit
593 707 628 762 ut
640 699 671 762 bi
685 704 821 762 amarent
830 700 1021 778 aequitatem,
1035 706 1065 762 et
1076 698 1141 777 eius
1155 698 1274 780 negotia
1289 713 1347 761 nou
1362 699 1507 763 baberent
1616 720 1618 727 ¹

240 813 376 890 exitum3
393 814 525 877 nondum
539 811 595 875 luit
609 819 641 875 ut
655 811 764 891 publici
778 812 885 875 aerarii
899 811 1017 875 divitiae
1031 827 1091 875 non
1105 819 1205 876 essem
1225 811 1290 889 cius
1311 812 1429 877 divitiae
1446 809 1502 897 (l).

241 926 367 1006 Sapiens
388 926 453 990 Lon
474 926 678 1008 magistratus,
698 925 793 1017 ¹llong
806 925 875 989 bien
890 930 946 1001 tse,
964 923 1031 988 ait:
1051 925 1159 987 «alens
1173 940 1317 1003 equorum
1331 926 1502 1007 quadrigas,

240 1055 301 1104 non
324 1046 412 1104 curet
424 1039 461 1103 de
476 1038 596 1120 gallinis
616 1038 831 1118 porcellisque;
855 1026 1028 1101 ludentium
1043 1014 1179 1120 'glaciem
1201 1037 1329 1101 familiae
1344 1054 1402 1101 non
1423 1038 1505 1101 alant

240 1152 334 1218 boves
358 1159 390 1217 et
403 1168 493 1229 oves3
514 1158 634 1215 centum
658 1152 871 1234 quadrigarum
896 1151 1024 1215 familiae
1048 1166 1106 1215 non
1122 1152 1205 1214 alant
1226 1157 1428 1233 aggravantes
1453 1151 1505 1213 tri·

241 1265 349 1349 butum
371 1265 535 1330 ministros.
559 1265 661 1328 Potius
682 1280 772 1345 quam
794 1264 904 1328 babere
929 1271 1139 1344 extorquentes
1159 1264 1316 1347 vectigalia
1339 1264 1502 1341 ministros,

240 1379 478 1459 praeoptandum
492 1378 603 1442 babere
617 1377 750 1441 iurantes
764 1378 929 1456 praefectos
945 1374 1000 1461 (2).
1015 1401 1029 1434 1>
1047 1377 1110 1442 lloc
1123 1377 1230 1440 dicitur
1244 1376 1330 1458 regui
1345 1376 1502 1458 gubernio,

240 1508 303 1556 non
317 1492 535 1556 aestimandum
559 1492 677 1554 lucrum
698 1506 752 1570 pro
775 1492 988 1568 emolumento,
1014 1484 1150 1555 habenda
1172 1491 1306 1570 aequitas
1329 1505 1382 1569 pro
1406 1491 1502 1555 lucro.

240 1604 327 1677 Quod
341 1605 512 1687 gubernans
527 1620 591 1668 rem
609 1604 757 1683 publicam
779 1604 929 1668 incumbat
951 1620 1021 1668 vero
1036 1604 1146 1667 divitiis
1159 1610 1190 1668 et
1202 1602 1355 1684 impensis,
1372 1603 1504 1683 prolecto

239 1717 380 1797 provenit
394 1734 430 1782 ex
455 1717 652 1781 fraudulentis
674 1718 864 1781 homunculis
888 1737 896 1782 z
920 1719 977 1781 bos
996 1717 1048 1781 ille
1071 1717 1209 1780 aestimat
1232 1717 1325 1781 bonos
1347 1714 1410 1800 (3);
1432 1718 1504 1781 atsi

240 1832 458 1896 homunciones
482 1830 679 1895 adhibeantur
692 1830 900 1895 administrare
915 1846 978 1894 rem
993 1830 1153 1909 publicam,
1175 1844 1336 1894 aerumnae
1351 1836 1381 1893 et
1394 1830 1503 1895 damna

240 1944 333 2009 simul
347 1945 516 2009 advenient.
540 1944 622 2008 hicet
642 1950 713 2007 tunc
730 1950 831 2007 eutem
852 1943 933 2019 boni,
957 1949 1055 2008 tamen
1076 1945 1193 2007 nullum
1212 1942 1270 2007 erit
1291 1942 1420 2007 medium
1443 1940 1501 2027 ll).

239 2058 307 2122 lloc
320 2059 438 2133 dicitur,
460 2058 491 2121 in
507 2072 600 2139 regno
615 2073 674 2121 non
689 2055 856 2121 babendum
871 2057 992 2143 luorum
1002 2072 1056 2135 pro
1069 2057 1281 2135 emolumento,
1304 2055 1355 2119 sed
1368 2058 1504 2137 aequitas

239 2187 298 2253 pro
320 2173 414 2236 lucro.

279 2403 328 2496 (li
347 2413 417 2473 Illas
429 2415 506 2473 enim
520 2412 634 2492 populus
648 2434 706 2473 non
719 2411 858 2491 surripiet.

280 2517 327 2597 (2)
347 2525 474 2593 Alebant
487 2528 638 2605 quadrigas
659 2546 755 2587 recens
778 2527 809 2586 in
831 2524 982 2603 toparchas
995 2500 1056 2596 (Ji
1073 2502 1133 2587 ἦ)
1148 2524 1247 2599 crecti,
1270 2544 1336 2587 cum
1358 2528 1504 2606 quadrigis

238 2659 259 2698 a
273 2640 399 2717 principe
411 2640 512 2699 donari
524 2639 674 2701 solebant:
690 2637 780 2718 glacie
794 2638 948 2697 utebantur
964 2640 995 2697 in
1014 2638 1216 2716 parentalibus,
1232 2639 1268 2698 ad
1281 2660 1379 2699 carnes
1393 2660 1504 2701 conaer-

238 2753 360 2825 raudns,
374 2752 462 2831 pegni
481 2753 604 2812 ministri
615 2771 663 2814 aen
684 2769 877 2830 arnpremorum
897 2752 1083 2812 tribunalium
1105 2752 1236 2829 praesidas
1254 2729 1320 2824 (Q
1334 2740 1452 2831 K‘ing),
1472 2764 1504 2816 et

237 2865 286 2925 his
300 2866 457 2944 superiores
480 2866 609 2942 dynasta
623 2888 630 2925 ε
646 2874 760 2926 centum
781 2882 877 2925 currus
898 2865 1012 2925 bellicos
1029 2872 1164 2942 poterant
1184 2864 1216 2922 in
1235 2885 1365 2944 campum
1384 2866 1503 2928 educere

237 2988 364 3057 satrape
379 2955 447 3047 (Q
459 2978 528 3037 item
547 2969 646 3046 dicti).
679 2977 767 3038 Porro
786 2978 818 3036 bi
839 2997 936 3037 omnes
958 2997 1016 3037 nou
1040 2978 1143 3037 debent
1166 2979 1391 3055 negotiationem
1405 2981 1502 3058 populi

237 3092 384 3170 propriam
398 3091 452 3151 sibi
464 3110 618 3177 usurpare,
629 3100 659 3151 at
672 3093 764 3171 potius
778 3109 864 3168 quam
876 3090 1010 3150 adhibere
1024 3090 1209 3168 deglubentes
1222 3092 1356 3169 populum
1370 3092 1504 3163 adminis,

237 3216 310 3277 mos,
333 3204 488 3265 adhibeant
504 3206 698 3282 depraedantes
718 3205 851 3283 principis
869 3202 1108 3280 gumphylocium.
1123 3179 1166 3267 11
1179 3206 1302 3264 meando
1316 3216 1394 3278 tono,
1414 3205 1503 3279 etiam

236 3319 447 3396 comparationi
460 3318 584 3391 inservit,
608 3325 638 3377 et
651 3326 720 3378 tuno
741 3318 849 3395 phronis
861 3324 895 3375 ut
906 3317 937 3374 in
950 3324 1033 3377 textu
1046 3317 1240 3395 conponenda,
1255 3326 1342 3393 atque
1359 3319 1390 3376 in
1410 3319 1504 3396 primo

234 3432 368 3492 membro
382 3408 485 3504 KR,
506 3432 537 3490 in
548 3432 671 3491 necundo
690 3451 757 3491 vero
770 3406 823 3505 ᾖ,
845 3436 897 3489 aul
915 3429 1002 3489 etiam
1017 3407 1056 3489 ἧς
1078 3409 1127 3504 ill,
1142 3409 1182 3495 1ἶ1
1205 3409 1252 3505 ill,
1267 3407 1310 3495 Ξ
1326 3408 1377 3503 ἓ,
1393 3409 1436 3496 ᾗ
1449 3409 1503 3508 ἓ,

234 3545 372 3606 collocari
385 3543 478 3605 debet.
759 3524 761 3527 V

276 3650 324 3727 (3)
347 3635 391 3718 ἦ
403 3666 487 3735 prout
502 3633 543 3714 Η
559 3632 599 3714 Β
613 3660 755 3729 noemma,
771 3633 810 3716 2
832 3678 899 3736 eos3
923 3654 1032 3734 phrasis
1052 3657 1215 3733 ceteroquin
1228 3656 1350 3717 habetur
1364 3658 1407 3717 uti
1420 3679 1504 3721 mau-

232 3793 268 3833 αι
282 3780 314 3832 et
327 3778 471 3849 corrupta

274 3878 322 3957 (l)
349 3865 388 3945 ss
412 3857 452 3939 2
477 3861 514 3946 111
539 3886 645 3957 dica,
670 3886 825 3962 qomcodot
846 3905 905 3960 seu,
928 3887 958 3943 in
980 3903 1047 3943 caco
1068 3884 1138 3959 qaid
1158 3883 1320 3961 operacionis!
1343 3868 1503 3964 interrogat

230 4000 370 4079 quisnam
386 4000 425 4059 sit
438 3997 541 4075 agendi
553 3998 662 4073 modus,
689 3999 792 4076 quidve
812 3999 849 4060 sit
871 3998 1010 4059 remediI:
1033 3996 1151 4076 proinde
1168 3970 1209 4059 ff
1227 3977 1265 4057 111
1283 3975 1322 4058 Ζ
1340 3974 1391 4072 iffi,
1412 4008 1504 4079 negat

229 4134 291 4176 ease
305 4113 418 4193 agendi
431 4111 564 4171 medium.
