3554 5642
568 476 664 521 cartu
683 477 942 521 aenou-raas
961 478 1052 521 emon
1382 462 1442 525 atr

172 592 199 656 is
213 593 270 672 (ll.
295 590 367 656 Ideo
381 589 488 655 dicitur
500 608 507 654 :
520 605 555 655 os
564 591 595 654 in
605 606 727 670 sapores
742 590 832 655 habet
847 590 975 655 similem
991 589 1202 671 appetentiam,
1219 589 1301 655 auris
1311 591 1342 654 in
1353 607 1443 657 sonos

172 705 262 770 babet
282 704 411 769 similem
436 703 581 785 auditum,
608 705 713 769 oculus
727 705 758 767 in
774 705 889 769 colores
912 703 1001 768 habet
1022 705 1150 769 similem
1175 705 1439 784 pulchritudinem.

172 820 209 882 lit
223 818 352 898 quodad
362 833 424 894 cor,
442 817 538 880 solum
554 833 614 881 non
629 817 750 881 babebit
765 819 843 897 quod
858 817 995 882 simililer
1011 816 1174 897 approbet?
1194 818 1252 882 Gor
1266 819 1345 897 quod
1360 817 1441 882 simi·

173 933 241 997 liter
256 931 375 1011 probat,
389 930 479 1009 ouda
499 931 646 994 Nimirum
658 931 734 995 ratio
743 938 774 995 et
783 931 907 1010 aequitas
916 931 974 1010 (1).
994 930 1093 995 Sancti
1103 931 1171 1009 viri,
1184 932 1298 1011 priores
1313 932 1442 995 assecuti

172 1050 243 1109 sunt
264 1052 401 1109 nostrum
424 1059 476 1108 cor
497 1045 576 1123 quod
597 1043 735 1108 similiter
756 1044 911 1124 approbat.
940 1043 1010 1109 ideo
1033 1044 1152 1109 ratioet
1167 1045 1301 1124 aequitas
1323 1045 1442 1123 placent

172 1166 276 1223 nostro
290 1157 384 1234 cordi,
401 1158 478 1221 sicut
494 1157 644 1222 herbatica
660 1164 690 1221 et
706 1158 859 1239 trugirora
874 1158 993 1237 placent
1007 1164 1111 1222 nostro
1127 1159 1225 1237 palato
1242 1157 1299 1231 (3).

230 1272 260 1336 8.
283 1270 429 1335 blentsius
448 1271 491 1334 ait
507 1292 515 1335 ε
533 1271 627 1335 Boum
650 1271 761 1335 montis
781 1270 904 1336 arbores
925 1270 997 1336 olim
1020 1272 1162 1351 pulchrae
1181 1278 1267 1335 erant
1284 1267 1326 1355 (t)
1345 1290 1353 1333 :
1372 1269 1441 1350 quia

170 1385 239 1450 illae
255 1383 431 1464 adjacebant
444 1384 481 1447 ad
498 1399 642 1466 magnum
662 1399 803 1467 regnam,
824 1384 903 1449 ascia
919 1390 950 1448 et
964 1384 1077 1450 securis
1093 1384 1274 1464 impetebant
1288 1385 1356 1447 illas
1369 1404 1376 1448 :
1390 1386 1442 1464 qul

167 1498 230 1579 jam
246 1504 386 1579 poterant
400 1513 467 1562 esse
482 1498 644 1579 pulchrae?
660 1498 708 1561 liae
724 1506 824 1563 tamen
839 1504 925 1561 erant
940 1497 1047 1577 quibus
1062 1497 1125 1561 dies
1139 1507 1169 1562 et
1184 1512 1244 1563 non
1258 1498 1331 1562 dant
1345 1498 1440 1563 incre·

170 1620 315 1688 mentum,
341 1626 474 1691 quasque
494 1610 594 1692 pluria
610 1617 641 1675 et
655 1627 705 1676 ros
720 1612 848 1694 irrigant
860 1607 921 1696 (5);
946 1627 1006 1675 non
1021 1617 1182 1676 caruerunt
1200 1626 1274 1694 crgo
1290 1613 1441 1676 stolonum

169 1726 420 1803 surculorumque
442 1724 646 1805 pullulatione.
676 1726 771 1790 Boves
789 1730 820 1790 et
840 1739 912 1789 oves
935 1733 998 1788 tum
1020 1725 1171 1790 subsecuti
1186 1731 1216 1789 et
1236 1725 1349 1804 depasti
1370 1731 1441 1789 sont

167 1839 251 1904 istos.
272 1837 459 1919 Quapropter
469 1839 510 1903 ita
520 1839 571 1902 ille
581 1838 812 1903 denudatusest.
837 1839 980 1903 Homines
995 1839 1129 1904 videntes
1143 1838 1228 1901 illum
1244 1838 1438 1915 denudatum,

168 1952 343 2017 existimant
357 1967 510 2030 nunquam
525 1951 665 2016 habuisse
681 1953 844 2016 materiem.
864 1950 903 2015 ht
918 1954 992 2016 haec
1007 1951 1151 2032 numquid
1166 1959 1212 2015 est
1227 1951 1336 2015 montis
1354 1958 1439 2014 natu·

167 2071 220 2129 rat
236 2065 381 2138 Quamvis
395 2066 473 2144 quod
489 2067 567 2130 inest
577 2065 607 2128 in
625 2065 757 2141 bomine,
775 2065 919 2145 numquid
935 2073 1021 2129 vacat
1036 2065 1230 2129 humanitatis
1240 2070 1270 2129 ot
1282 2065 1441 2145 aequitatis

168 2196 271 2257 sensu,
289 2178 316 2242 is
331 2179 361 2243 iu
376 2193 412 2243 eo
427 2180 505 2258 quod
521 2178 621 2259 abjicit
640 2195 728 2242 suum
750 2179 927 2244 naturaliter
946 2179 1058 2243 bonum
1074 2194 1134 2255 cor,
1161 2186 1208 2242 est
1223 2179 1342 2259 quidem
1357 2179 1441 2243 velut

167 2294 246 2358 ascia
257 2300 290 2357 et
299 2292 414 2357 securis
428 2301 533 2357 contra
548 2292 670 2357 arbores
683 2309 691 2355 ι
704 2308 822 2372 quoque
839 2308 927 2357 mane
938 2294 1082 2373 impetere
1091 2292 1165 2356 illud
1178 2313 1185 2355 :
1199 2293 1250 2373 qut
1259 2293 1321 2371 jam
1332 2292 1442 2371 poterit

167 2408 223 2472 dici
234 2407 411 2488 pulchrum
427 2406 484 2471 Sed
494 2412 540 2471 est
550 2407 598 2470 cui
608 2407 706 2470 diceet
714 2421 773 2470 nox
783 2407 835 2471 dat
843 2407 1060 2472 incrementum
1071 2426 1078 2469 :
1089 2406 1213 2485 ideoque
1223 2406 1260 2469 ad
1270 2406 1441 2471 intermedii

167 2521 290 2585 diluculi
313 2533 418 2583 auram
435 2515 492 2603 (6),
516 2520 581 2599 cius
595 2535 680 2583 amor
694 2525 725 2584 et
739 2520 839 2583 odium
855 2520 891 2583 ad
912 2529 1027 2585 ceteros
1047 2534 1138 2599 prope
1157 2519 1271 2584 accedit
1292 2519 1439 2599 pauxillu-

167 2635 229 2699 lum
247 2631 306 2718 (7).
334 2634 420 2696 'lunc
438 2635 517 2713 quod
536 2633 588 2697 ille
608 2648 696 2697 mane
711 2641 741 2698 et
759 2633 888 2697 interdiu
909 2640 1062 2714 operatur,
1086 2648 1191 2697 rursus
1210 2634 1267 2696 boc
1288 2632 1440 2696 tantillum

166 2747 319 2827 intercipit
337 2752 370 2809 et
388 2746 513 2812 sutlocat
528 2747 587 2823 (8).
610 2745 743 2826 dumque
762 2747 836 2811 illud
857 2745 1048 2827 interceperit
1070 2745 1203 2825 repetitis
1218 2745 1343 2822 vicibus,
1368 2751 1440 2810 tunc

165 2860 217 2925 illa
231 2868 381 2925 nocturna
395 2860 496 2924 ritulis
510 2876 582 2924 aura
592 2875 652 2924 uon
663 2859 769 2924 sufficit
779 2861 816 2924 ad
827 2860 900 2924 illud
909 2860 1146 2925 conservandum
1159 2878 1166 2921 :
1180 2874 1307 2938 cumque
1318 2866 1438 2923 noctur·

165 2989 204 3037 na
214 2974 348 3038 vitalitas
357 2990 418 3038 non
428 2973 553 3038 subiciat
562 2974 599 3038 ad
609 2973 859 3050 conservandum,
871 2982 943 3038 tuuc
955 2974 1006 3037 ille
1016 2972 1153 3037 abludita
1163 2971 1249 3036 bruto
1260 2988 1367 3051 pecore
1377 2988 1438 3037 aon

166 3088 267 3172 louge.
287 3087 431 3152 Homines
446 3088 546 3151 rident
560 3088 645 3151 illum
661 3087 794 3163 brutum,
811 3095 841 3151 et
852 3094 956 3167 putant
972 3087 1104 3152 nondum
1119 3085 1259 3150 babuisse
1269 3086 1438 3150 naturalem

164 3466 199 3526 se·
209 3476 256 3539 oe,
271 3465 386 3525 mmosa
398 3464 512 3542 mulier3
534 3464 584 3523 Tac
598 3473 644 3522 lou
657 3472 687 3523 et
700 3464 779 3543 Sonq
793 3464 871 3523 olco
885 3464 997 3523 venusti
1005 3463 1131 3541 juvenes.
1151 3460 1193 3521 Et
1206 3461 1254 3521 alii
1269 3460 1386 3541 passim.

203 3573 250 3651 (a)
272 3577 361 3638 Ratio
374 3585 482 3648 specum
496 3576 671 3647 fucultatem,
687 3578 808 3653 equitas
820 3564 1051 3655 speculantum.

203 3683 250 3762 (3)
271 3691 431 3752 Herbetica
445 3689 590 3762 annualia,
607 3691 695 3750 bores
706 3699 737 3750 et
750 3709 833 3768 orea3
854 3690 1006 3766 frngirora,
1018 3709 1103 3750 canen
1116 3699 1146 3750 et
1160 3689 1244 3769 porei.

204 3796 249 3876 (4)
270 3804 370 3864 Nieou
393 3803 476 3874 chau,
501 3805 538 3864 ad
551 3805 632 3882 regni
657 3792 716 3865 T‘sl
738 3812 914 3876 euronotum,
938 3804 1058 3863 nuncin
1081 3800 1278 3863 Chaulouenui
1302 3801 1435 3863 districtu

165 3919 222 3980 bin
235 3928 281 3979 aee
294 3917 363 3976 hieu
378 3893 435 3983 (Ε
455 3894 524 3985 iffi).

203 4022 250 4103 (5)
273 4031 413 4092 Nondum
427 4031 544 4109 praeciso
557 4049 646 4091 succo.

202 4136 250 4214 (6)
270 4121 315 4206 2¹3
330 4120 386 4217 fl,
399 4143 457 4204 diei
480 4145 612 4219 noctIque
626 4161 662 4203 ex
682 4163 760 4221 aequo
781 4144 980 4205 intermedium
1002 4142 1154 4205 diluculum
1170 4167 1178 4207 a
1193 4142 1308 4220 quando
1323 4161 1436 4202 monna

163 4259 332 4337 cupidinum
356 4256 478 4318 tumulto
497 4276 549 4337 per
563 4265 675 4317 noctem
689 4258 844 4334 quiescens,
857 4258 985 4317 nondum
999 4258 1085 4336 coepit
1098 4257 1136 4317 ab
1149 4255 1335 4318 exterioribus
1349 4254 1435 4316 reboo

163 4370 285 4449 percelli

203 4476 249 4555 (7)
270 4483 420 4544 Naturalis
433 4484 547 4545 bonitas
560 4484 673 4557 emicat,
687 4494 717 4544 et
730 4484 761 4543 in
773 4483 842 4543 boni
858 4502 953 4544 amore
966 4482 1090 4560 malique
1105 4483 1179 4558 odio,
1194 4482 1254 4561 ejus
1268 4500 1349 4541 mens
1362 4481 1434 4542 alio·

163 4616 227 4658 rum
241 4597 393 4658 hominum
407 4598 495 4658 menti
510 4595 641 4656 nonnihil
654 4597 771 4657 accedit.

205 4702 250 4782 (8)
273 4686 315 4772 75
329 4709 406 4771 rnlet
422 4689 476 4787 11,
489 4731 612 4771 rursus:
631 4687 667 4771 Ζ
683 4710 815 4789 designat
826 4708 897 4770 illud
910 4707 1078 4790 pauxillum.
