3574 5664
585 534 683 582 auur
701 534 819 580 maura
831 534 960 578 -aaae
979 534 1143 580 romeam
1434 520 1496 579 299

225 646 325 713 adecti
349 646 589 712 accusationibus
609 662 668 712 non
689 647 760 711 dare
780 663 913 725 cursum,
940 654 1038 728 potest
1061 648 1201 712 contium
1225 647 1326 712 uocari
1350 647 1497 727 protunda

227 761 411 843 perspicacia
424 759 488 840 iam
504 762 561 841 (1).

284 877 318 938 l.
340 875 401 938 ‘ise
424 874 506 957 long
525 873 723 957 interrogarit
737 871 774 939 de
789 873 1015 956 gubernatione.
1048 871 1207 939 Gontircius
1231 874 1384 954 respondit
1400 894 1408 938 ε
1426 890 1497 954 sup·

228 994 457 1068 ocerannum,
480 993 639 1067 suppetant
659 987 781 1064 milites,
798 993 829 1051 et
844 987 970 1067 populus
987 987 1057 1051 fidat
1072 985 1135 1050 tibi.
1162 987 1221 1053 Tse
1237 987 1318 1069 long
1333 986 1374 1050 ait
1391 1008 1399 1051 ε
1417 987 1498 1067 quod

229 1100 388 1167 siomuino
403 1116 464 1166 non
475 1100 569 1179 possit
582 1101 670 1165 aliter
681 1100 744 1164 lieri
754 1100 824 1179 quin
835 1100 950 1177 demas,
962 1116 999 1164 cx
1010 1101 1056 1165 lris
1072 1099 1167 1163 tribus
1181 1100 1330 1180 quodnam
1347 1100 1498 1179 primumi

229 1213 330 1296 Inquit
350 1233 359 1277 :
381 1214 533 1278 demerem
553 1213 674 1278 milites.
711 1214 769 1278 Tse
790 1213 870 1296 long
889 1212 1067 1292 subjunxit:
1089 1219 1119 1277 ct
1137 1213 1164 1277 si
1182 1212 1304 1278 omnino
1324 1228 1383 1278 oon
1404 1214 1499 1295 possit

230 1328 317 1392 aliter
332 1326 396 1393 lieri
411 1326 484 1407 quin
499 1326 610 1405 demas,
628 1343 665 1391 ea
680 1327 728 1391 iris
743 1326 858 1392 dnobus
872 1326 1021 1407 quodnam
1037 1328 1186 1407 primuml
1202 1328 1368 1403 demerem,
1388 1326 1496 1406 inquit,

230 1443 343 1507 rictum
361 1439 424 1504 :ab
439 1439 624 1519 antiquitate,
644 1455 749 1505 omnes
763 1440 882 1505 obnoxii
898 1441 1008 1517 morti3
1025 1446 1056 1504 at
1066 1441 1193 1520 populus
1208 1438 1273 1504 sinc
1288 1438 1499 1505 ddelitatenon

231 1554 332 1619 stabit.

289 1669 320 1732 8.
344 1666 442 1750 Regni
456 1666 524 1732 Wci
540 1667 682 1747 toparcha
697 1667 735 1732 Ki
750 1674 796 1730 ise
811 1666 937 1750 t‘cheng
950 1666 992 1731 ait
1009 1687 1017 1731 ε
1035 1667 1154 1747 sapiens
1168 1664 1208 1731 sit
1222 1665 1360 1746 simplex,
1377 1673 1408 1732 ct
1423 1665 1498 1733 satis

137 1784 142 1791 '
232 1787 297 1846 est:
315 1781 386 1862 quid
400 1781 443 1844 ati
454 1779 536 1845 cultu
553 1779 660 1845 iaciat?
680 1782 739 1845 Tse
755 1780 836 1863 lcong
850 1780 893 1844 ait
909 1800 917 1844 ε
935 1780 1018 1862 piget
1032 1785 1122 1845 sanct
1139 1780 1276 1863 magistri
1292 1795 1402 1857 sermo,
1419 1779 1497 1860 sapi·

233 1896 309 1960 entis
329 1900 377 1959 cst
394 1913 402 1957 ε
419 1901 451 1958 at
471 1893 664 1976 quadriiuges
686 1910 782 1975 neque
804 1900 1004 1973 assequuntur
1029 1894 1163 1976 linguam
1176 1894 1237 1973 (2).
1266 1893 1382 1957 Momm
1397 1895 1498 1959 cultus

233 2024 316 2088 aque
335 2024 371 2071 oc
390 2015 505 2072 naturae
530 2006 716 2086 simplicitas,
733 2015 764 2072 ct
779 2006 953 2087 simplicitas
977 2022 1059 2086 aeque
1078 2022 1114 2070 ac
1134 2007 1232 2070 cultus
1250 2025 1257 2068 :
1276 2006 1393 2089 tigridis
1417 2006 1498 2072 cnim

235 2121 375 2202 pandique
390 2121 514 2198 corium,
534 2120 621 2200 quasi
635 2120 718 2184 canis
732 2122 856 2200 ovisque
871 2120 985 2184 comum
999 2120 1059 2201 (3).

291 2233 322 2298 9.
345 2225 422 2316 Ngai
438 2235 562 2317 regulus
577 2232 915 2312 sciscitatusaileoujo,
935 2233 997 2296 ait:
1014 2248 1111 2316 annus
1125 2247 1244 2299 annona
1257 2233 1384 2310 laborat,
1397 2250 1498 2315 sump-

236 2353 283 2411 tus
302 2362 363 2411 non
384 2347 550 2423 sufiiciunt3
577 2347 646 2426 quid
673 2347 798 2413 iaciaml
827 2347 911 2412 Yeou
924 2347 956 2426 jo
972 2347 1165 2427 respondens,
1182 2347 1224 2410 ait
1241 2367 1248 2411 :
1267 2347 1370 2426 quidni
1394 2348 1499 2430 exigas

229 2440 399 2525 ¹decimam?
416 2460 572 2539 Subiunxit
585 2479 593 2522 z
606 2460 672 2524 dua
682 2461 755 2524 milri
769 2460 867 2524 adnuc
881 2475 940 2524 non
957 2460 1120 2538 sufiiciunt;
1138 2459 1164 2522 si
1174 2461 1242 2536 hoc,
1260 2474 1403 2540 quorsum
1418 2460 1501 2525 istud

237 2574 381 2639 decimare
398 2570 468 2657 (lii
489 2573 682 2653 Respondeas
694 2574 736 2636 ait
752 2595 760 2636 ε
779 2574 887 2653 populo
902 2573 975 2636 satis
990 2572 1129 2649 habente,
1147 2574 1284 2653 princeps
1299 2587 1427 2653 quocum
1438 2586 1499 2638 non

237 2687 306 2750 satis
321 2686 460 2751 habebit?
480 2687 592 2765 Populo
608 2701 667 2749 non
683 2687 756 2750 satis
771 2685 909 2762 habente,
928 2685 1064 2765 princeps
1079 2701 1208 2765 quocum
1223 2687 1296 2749 satis
1312 2684 1450 2750 habebit?

293 2801 345 2865 10.
368 2800 427 2864 Tse
443 2799 556 2882 tahang
577 2800 713 2880 quesivit
727 2801 763 2864 de
779 2799 921 2865 elevanda
943 2797 1053 2862 virtute
1069 2804 1099 2863 ct
1120 2799 1314 2863 discernenda
1334 2796 1499 2864 hallucina-

237 2913 324 2979 tione.
357 2913 516 2978 lioniuoius
538 2913 689 2993 respondit
706 2933 714 2976 z
732 2913 848 2976 lundam
872 2912 1023 2987 fidelitate,
1047 2912 1229 2987 sinceritate,
1251 2918 1282 2976 et
1300 2910 1440 2993 progredi
1461 2912 1501 2977 ad

236 3026 426 3106 aequitatem,
451 3033 499 3090 est
518 3027 644 3090 evehere
669 3026 828 3103 virtutem3
855 3026 981 3089 amando
1003 3025 1145 3104 aliquem,
1169 3026 1245 3090 velle
1265 3024 1363 3105 ipsum
1383 3026 1497 3102 vivere,

237 3139 400 3204 aversando
414 3139 556 3217 aliquem,
574 3140 650 3203 vello
660 3138 758 3218 ipsam
769 3139 856 3215 mori,
874 3152 1000 3218 cumque
1015 3138 1252 3219 uoluerisipsum
1263 3139 1372 3216 virere,
1394 3155 1501 3202 rursus

228 3254 312 3318 ,ualle
327 3252 425 3333 ipsum
441 3252 529 3330 mon',
546 3258 592 3316 cst
606 3252 783 3316 hallucinari
800 3248 853 3337 (5).

276 3623 320 3701 (3)
342 3630 459 3692 Abraais
471 3631 536 3712 pilis
548 3630 655 3692 corinun
671 3632 778 3691 aconio
792 3651 851 3691 non
864 3631 959 3692 differt
974 3656 981 3691 ι
995 3648 1106 3691 moram
1124 3628 1218 3693 auritus
1232 3632 1389 3711 capientem
1404 3652 1423 3693 a
1436 3632 1502 3693 rudi

238 3743 378 3817 discernit,
392 3746 466 3806 sicut
478 3745 529 3823 pili
541 3744 650 3804 faciunt
664 3744 779 3823 pellium
793 3745 952 3805 discrimen.

276 3848 322 3924 (4)
343 3859 401 3920 Sub
414 3857 548 3935 dynastia
562 3858 684 3928 Tchcou,
699 3869 781 3916 extra
794 3857 965 3917 territorium
980 3856 1134 3935 imperiale,
1151 3868 1214 3918 octo
1234 3856 1341 3920 colonis
1355 3858 1502 3920 dabantur

238 3969 354 4049 cingulis
368 3980 483 4030 cantum
494 3975 606 4049 jugera,
620 3970 669 4048 qni
682 3968 825 4030 commoni
837 3969 933 4031 labore
943 3970 1090 4048 octoginta
1111 3970 1245 4051 principis
1253 3975 1357 4052 jugera
1371 3970 1501 4034 excolere

238 4085 420 4160 tenebantur3
433 4084 474 4143 sic
483 4084 634 4163 recipiebat
648 4084 766 4160 quisque
780 4093 893 4147 munim
902 4092 931 4144 et
940 4083 1027 4144 dabat
1037 4082 1134 4144 decem
1146 4084 1240 4145 aintra
1250 4104 1315 4145 vero
1324 4086 1501 4147 territorium

236 4195 389 4276 imperiale,
404 4196 482 4255 mille
500 4198 612 4275 jugera,
626 4216 644 4255 a
657 4197 755 4256 ‹leccm
777 4195 883 4256 colonis
895 4195 981 4256 simul
1002 4196 1168 4258 colebantur
1180 4218 1246 4257 carm
1266 4198 1383 4260 decimae
1403 4217 1500 4273 onere,

234 4330 312 4387 teque
325 4310 471 4371 communi
484 4308 588 4379 labore,
602 4329 679 4386 ecque
693 4310 844 4369 distributo
858 4311 959 4370 reditu.
981 4309 1021 4368 Et
1035 4310 1097 4371 ideo
1110 4286 1211 4372 modus
1225 4313 1278 4371 iste
1292 4311 1347 4370 tuit
1362 4292 1405 4375 m
1421 4331 1503 4372 voca·

231 4435 285 4499 tus,
300 4444 352 4485 sen
366 4441 450 4501 aeque
464 4425 645 4502 participare.

268 4531 314 4607 (5)
335 4537 373 4598 In
389 4555 519 4596 amorem
532 4545 561 4596 et
575 4537 671 4595 odium
685 4536 763 4596 cadit
784 4537 943 4614 mneratim
962 4534 1157 4609 hallucinatio,
1177 4544 1206 4596 et
1228 4537 1259 4597 iu
1273 4558 1307 4597 eo
1321 4536 1501 4614 potissimum

225 4663 279 4731 cat,
301 4662 335 4715 ut
350 4649 425 4711 velia
444 4650 519 4726 quod
537 4669 622 4728 penca
636 4659 665 4710 te
679 4670 737 4709 non
759 4659 811 4724 oct,
832 4659 899 4729 puta
918 4652 1008 4713 vitam
1022 4659 1070 4711 aut
1084 4660 1221 4730 mortem3
1238 4651 1397 4722 autetiam,
1423 4650 1501 4727 qnod

219 4770 339 4851 gravium
354 4744 411 4839 eat,
427 4772 462 4835 pt
475 4762 599 4824 versatili
613 4762 682 4824 relic
695 4763 819 4841 ingenio.
