3574 5664
577 455 673 499 casm
692 454 810 499 saxauu
822 469 864 483 -
875 455 949 498 ruse
968 456 1058 500 acron
1393 439 1452 502 28⁷

232 567 287 630 17.
310 565 359 633 td
381 574 534 649 aspectum
558 568 661 633 statim
682 568 792 645 evolat,
816 569 944 634 volando
967 570 1074 634 circuit
1088 576 1117 634 et
1133 577 1236 650 postea
1257 570 1337 635 sidit.
1371 570 1450 636 hit:

173 686 321 746 moutam
337 682 490 762 ponteilla
501 683 655 762 phasiana,
672 698 763 764 qnam
779 683 921 764 temporit
939 689 972 749 ut
982 690 1163 766 opportune!
1176 685 1235 752 Tse
1245 686 1452 752 lonconverso

172 794 212 859 ad
225 808 309 872 eam,
327 801 376 861 ter
390 795 553 879 gracillacs
569 796 699 863 avolavit
712 797 772 875 (1).

561 1006 768 1109 CAPUT
803 1006 1071 1109 sexuum.

231 1247 398 1313 mutuans
419 1247 461 1311 ait
478 1268 486 1311 :
504 1246 633 1327 mdorcs
657 1254 730 1311 natu
754 1247 852 1328 quoad
875 1248 1048 1314 civilitatem
1069 1256 1100 1313 et
1122 1248 1323 1326 harmoniam,
1349 1249 1455 1315 rustici

175 1358 329 1425 hahentur
345 1361 484 1426 homines
501 1381 508 1424 :
526 1361 706 1441 posteriores
721 1367 792 1425 natu
807 1362 905 1442 quoad
925 1361 1097 1428 civilitatem
1112 1368 1143 1427 et
1158 1361 1356 1438 harmoniam,
1374 1364 1455 1443 sapi·

176 1474 311 1538 entiores
325 1475 546 1541 existimantur.
568 1473 608 1538 tit
621 1475 718 1555 quoad
732 1489 766 1539 ea
777 1476 953 1552 exercenda,
975 1490 1031 1540 nae
1050 1492 1108 1559 ego
1123 1490 1232 1555 sequar
1245 1491 1309 1540 aevo
1323 1476 1450 1555 priores.

234 1587 268 1652 2.
291 1588 494 1669 Philosophus
514 1588 558 1652 ait
574 1607 582 1651 :
599 1588 651 1669 qui
672 1604 720 1654 me
742 1587 960 1655 comitabantur
980 1588 1013 1655 in
1035 1589 1137 1672 regnis
1161 1590 1277 1654 T‘ehen
1299 1596 1330 1654 et
1353 1589 1453 1668 isai,

177 1714 284 1765 omnes
315 1718 377 1767 non
406 1702 596 1782 frequentant
618 1703 753 1768 scholam
780 1702 843 1781 jam
864 1703 922 1784 (2).
959 1702 1017 1767 Pro
1037 1703 1147 1769 virtme
1168 1710 1255 1767 erant
1278 1703 1344 1766 Yen
1360 1718 1452 1785 yucn,

177 1812 239 1878 Min
255 1820 304 1880 tse
319 1814 414 1893 lien,
431 1816 488 1881 Jan
499 1813 535 1895 pe
545 1816 641 1892 nicou,
662 1816 789 1898 Tchong
803 1815 901 1898 long;
918 1815 1063 1893 hcundia
1084 1816 1152 1880 Tsai
1164 1832 1225 1899 nge
1236 1822 1266 1880 et
1275 1816 1334 1880 Tse
1349 1816 1452 1901 hon33

178 1926 448 2007 administratione,
468 1930 525 1994 Jan
539 1944 615 2012 peon
630 1934 661 1994 et
674 1929 712 1994 lli
727 1930 795 2006 lou;
814 1928 992 2006 litteratura,
1010 1930 1069 1994 Tse
1082 1945 1159 2013 peon
1174 1935 1204 1994 et
1219 1930 1278 1994 Tse
1293 1930 1352 1993 hia.

236 2042 268 2105 3.
295 2042 494 2124 Philosophus
508 2042 551 2107 ait
567 2062 575 2106 z
592 2042 666 2108 lloei
688 2058 748 2108 non
769 2048 834 2107 erat
854 2042 965 2109 nundin
986 2042 1078 2121 mihi;
1101 2058 1139 2109 eu
1153 2043 1230 2108 unas
1249 2042 1329 2108 enim
1353 2042 1456 2108 verbis

179 2153 301 2221 nullum
316 2162 382 2221 erat
397 2156 476 2235 quod
490 2172 550 2221 non
566 2156 712 2221 arrideret
726 2155 784 2236 (3).

239 2269 272 2334 i.
296 2269 495 2349 Philosophus
509 2270 553 2334 ait
568 2287 576 2333 ε
593 2270 633 2334 oh
647 2285 738 2349 qnam
753 2269 820 2350 pius
833 2270 885 2334 ille
899 2269 960 2334 ldin
976 2277 1022 2335 tse
1036 2270 1136 2336 l‘ieul
1155 2269 1252 2337 Alieni
1267 2285 1326 2335 non
1342 2270 1453 2337 discre-

181 2388 255 2460 pant
270 2381 309 2446 ah
323 2382 388 2462 eius
403 2389 561 2463 parentum
576 2382 761 2462 hatrumque
775 2383 923 2463 praeconio
938 2384 995 2463 (4).

239 2495 272 2559 5.
297 2496 362 2559 Nan
376 2512 459 2580 yong
472 2511 550 2576 saepe
565 2496 716 2577 repetebat
730 2496 804 2560 illud
818 2496 884 2576 (lli.
907 2495 962 2572 22)
977 2497 1108 2563 candida
1123 2503 1243 2562 mssera
1255 2493 1297 2582 (5)
1316 2515 1324 2561 ε
1344 2476 1454 2564 (ionita-¹

184 2606 248 2672 cius
262 2625 387 2676 sumens
401 2609 447 2673 sui
462 2608 564 2674 fratris
578 2609 669 2673 liliam
685 2609 790 2690 nuptui
805 2609 885 2674 dcdit
899 2609 938 2673 ei.

242 2721 273 2787 6.
296 2723 360 2788 Lon
382 2724 524 2803 toparcha
542 2722 581 2788 lii
596 2722 692 2805 l‘ang
706 2730 751 2787 tse
766 2722 901 2804 quesivit
924 2722 1137 2803 discipulorum
1159 2723 1226 2802 qnis
1246 2729 1326 2787 esset
1347 2737 1455 2787 amans

185 2836 336 2915 sapientia
361 2836 491 2903 studium
508 2856 516 2898 ε
533 2835 691 2901 Gonlucivn
715 2836 898 2916 respondens
918 2836 984 2900 ait:
1002 2836 1058 2901 luit
1078 2837 1144 2901 Yon
1167 2836 1233 2901 hoei
1256 2836 1306 2916 qui
1332 2836 1455 2900 amahat

186 2948 337 3028 sapientiae
351 2950 481 3016 sudium
500 2969 507 3014 :
525 2955 557 3016 at
570 2949 727 3017 infeliciter
741 2949 841 3017 brevis
855 2949 910 3016 tuit
924 2950 991 3017 vite
1006 2956 1037 3017 et
1051 2956 1188 3018 mortuus
1201 2955 1268 3017 est:
1285 2964 1365 3015 nuno
1379 2964 1454 3017 vcro

186 3077 273 3130 nemo
288 3069 347 3131 est.

224 3544 271 3624 (1)
290 3555 410 3615 Maccus
431 3563 549 3632 tentnsq
570 3563 614 3617 est
636 3562 734 3616 manen
752 3553 814 3615 huo
832 3555 978 3615 sententia
992 3577 1001 3615 ε
1015 3555 1053 3616 ad
1070 3554 1195 3615 hominis
1215 3562 1360 3632 aspectum
1374 3555 1453 3633 fugit

188 3669 256 3740 aria,
276 3667 379 3729 circum
398 3669 529 3729 observat
542 3679 572 3729 et
585 3678 683 3748 postea
700 3668 768 3728 sidit
783 3689 791 3726 ε
804 3668 881 3745 quod
903 3668 1006 3728 videns.
1023 3667 1187 3740 comedas,
1208 3667 1288 3728 illam
1306 3667 1379 3728 bane
1397 3687 1454 3730 aaa

188 3789 317 3861 tempora
328 3801 410 3843 nome
423 3782 566 3861 praedicat
587 3782 740 3860 statimque
755 3801 815 3841 uem
828 3781 959 3859 probavit
970 3789 1106 3858 eventus3
1125 3799 1190 3841 cnm
1205 3782 1282 3841 enim
1295 3781 1453 3860 discipulus

188 3893 315 3973 inficeret
327 3914 437 3968 manus,
450 3896 548 3956 statim
562 3894 612 3955 iila
629 3896 762 3956 avolarit
784 3893 890 3965 Quidni
903 3893 998 3965 homo,
1018 3901 1173 3971 antequam
1192 3902 1270 3971 agat,
1292 3894 1453 3971 perpendat

189 4006 344 4086 adjunctal
357 4042 398 4056 ·-
410 4008 567 4087 Explicant
586 4008 635 4069 alii
656 4009 714 4068 Tse
734 4008 782 4068 lou
801 4014 912 4068 maur
938 4007 1073 4068 obtulisse
1095 4007 1184 4080 iliam,
1210 4005 1380 4067 Cousucinm
1405 4015 1452 4068 ter

189 4120 313 4182 olfecisse
325 4130 356 4182 et
369 4122 479 4196 abiisse,
493 4141 528 4181 so
540 4123 618 4201 qnod
631 4121 827 4200 intempestive
839 4119 925 4180 t’uerit
937 4121 1043 4182 oblata

228 4224 274 4303 (2)
292 4234 359 4294 Nou
372 4234 546 4296 obliviscitur
566 4254 672 4308 eorum,
687 4235 736 4312 qni
748 4234 824 4293 inter
836 4232 961 4312 pericula
973 4233 1004 4292 in
1018 4234 1052 4294 iis
1070 4234 1166 4313 regius
1189 4231 1339 4295 exantlata
1357 4234 1450 4294 secuti
1570 4230 1578 4249 ⁰

190 4343 310 4419 fuerant,
323 4346 461 4427 licctjam
474 4347 609 4423 defuncti,
624 4347 669 4409 vel
681 4348 760 4408 domi
774 4355 925 4419 morantes,
938 4347 982 4407 vel
996 4345 1064 4406 alibi
1078 4348 1278 4426 magistratum
1291 4354 1433 4424 gerentes.

229 4457 273 4523 (8)
290 4439 333 4525 ἢ
346 4470 431 4522 sonat
447 4442 498 4524 st

229 4567 272 4643 (4)
292 4573 455 4636 Anovcroa
466 4573 541 4636 male
555 4582 695 4635 hwtatns
706 4573 778 4633 iram
792 4573 880 4652 patria
893 4571 967 4634 belle
980 4573 1118 4635 emollivit
1131 4596 1139 4634 a
1152 4573 1260 4633 factum
1273 4571 1371 4633 recole.

229 4677 273 4761 (5)
292 4687 416 4771 Shopha
427 4688 479 4751 illa
492 4686 635 4768 loquelam
647 4687 770 4766 castigat
783 4707 791 4749 t
805 4686 870 4748 ideo
882 4705 956 4768 saepe
968 4688 1000 4748 in
1012 4688 1059 4750 die
1071 4695 1197 4770 repetere
1209 4685 1328 4747 solebat.

267 4819 290 4863 n
932 4846 937 4859 .
1330 4797 1368 4857 37
