3524 5652
483 480 579 524 carun
600 480 742 533 ouanrmr
754 496 795 510 --
807 480 881 524 runs
900 479 1064 524 common
1348 467 1406 526 519

136 592 242 659 merito
258 593 413 657 videretur
428 593 557 658 caruisse
572 595 670 673 culpa,
687 594 872 676 intelligebat
888 594 1053 658 tenuiorem
1069 610 1135 659 esse
1150 594 1263 660 scilicet
1275 592 1317 679 (1)
1332 616 1339 658 :
1356 598 1407 677 qut

135 713 252 788 poterat
267 721 373 771 carere
383 708 489 786 culpat
503 709 628 790 Tctreng
642 709 778 773 homines
788 724 855 772 curn
868 707 1018 771 misissent
1030 708 1089 773 Tse
1104 710 1174 774 tcho
1192 709 1243 789 jou
1259 717 1303 774 tse
1314 726 1406 791 oppu-

136 826 262 904 gnatum
279 820 362 896 Wei,
379 820 446 885 Wei
462 820 542 884 misit
552 821 599 884 Yu
612 822 692 904 long
702 838 734 885 se
746 818 788 905 (2)
802 821 937 902 persequi
952 821 1049 884 illum.
1073 823 1131 885 Tse
1146 827 1215 888 tolno
1225 823 1276 902 jou
1287 830 1332 888 tse
1342 823 1405 888 ait:

136 933 222 997 lodie
239 934 316 997 milti
332 933 454 999 morbus
468 934 582 1011 incidit,
600 951 659 1000 non
675 951 795 1016 possum
812 942 913 1000 tenere
928 950 1047 1010 arcum;
1065 951 1122 1016 ego
1133 938 1222 1016 periit
1241 937 1407 1002 etinterro·

135 1062 211 1131 gans
234 1063 326 1111 sunm
350 1048 494 1113 tumulum
515 1047 557 1111 ait
573 1067 580 1110 :
599 1049 649 1129 qui
665 1048 831 1128 insequitur
847 1065 903 1126 mc,
930 1049 997 1128 quis
1012 1054 1079 1111 esti
1098 1050 1170 1127 Ejus
1191 1052 1320 1115 tumulus
1339 1051 1405 1115 ait:
1485 1034 1487 1038 ’

136 1161 183 1223 Yu
199 1159 284 1245 long
299 1177 343 1224 se.
367 1161 552 1225 Exclamavit
569 1181 576 1225 :
594 1178 652 1245 ego
667 1163 769 1226 salvus
788 1179 867 1227 sum.
895 1162 966 1242 llius
985 1160 1116 1225 famulus
1130 1165 1172 1227 ait
1189 1184 1196 1227 :
1215 1166 1263 1227 Yu
1281 1164 1361 1246 long
1376 1181 1408 1228 se

135 1280 181 1339 est
195 1274 266 1338 Wei
283 1274 397 1355 peritus
409 1274 573 1354 jaculator;
591 1276 735 1358 magister
750 1276 897 1340 exclamat
915 1295 922 1338 :
940 1290 998 1357 ego
1013 1276 1115 1340 salvus
1130 1295 1213 1353 sum;
1231 1278 1300 1358 quid
1317 1279 1407 1361 signi·

136 1387 223 1453 licat?
246 1388 414 1467 Respondit
437 1407 445 1451 :
469 1387 518 1451 Yu
538 1387 620 1472 long
640 1405 672 1453 se
695 1389 796 1454 didicit
815 1389 942 1468 jaculari
956 1388 993 1452 ab
1012 1389 1059 1451 l'n
1076 1389 1159 1473 long
1178 1396 1234 1468 t‘o‚
1257 1391 1305 1454 Yn
1330 1392 1410 1474 long

135 1505 179 1565 t‘o
194 1499 301 1565 didicit
317 1500 443 1580 jaculari
457 1516 474 1564 a
491 1518 548 1567 me.
566 1501 621 1567 llle
635 1502 684 1567 Yn
700 1502 782 1585 long
796 1507 841 1566 t‘o
857 1510 955 1567 rectus
970 1507 1035 1566 erat
1049 1504 1155 1579 tromo;
1174 1505 1211 1568 ab
1221 1520 1257 1569 co
1272 1510 1409 1584 receptus

136 1615 250 1679 amicus
266 1614 348 1679 lraud
363 1614 451 1679 dubie
465 1622 565 1679 rectus
579 1623 636 1680 est.
659 1616 708 1679 Yu
723 1616 805 1699 long
818 1632 851 1680 se
867 1616 1001 1696 pervenit
1016 1621 1047 1680 et
1060 1616 1102 1680 ait
1121 1637 1128 1680 :
1147 1619 1290 1701 magister
1304 1633 1408 1699 quana·

136 1728 238 1792 obrem
253 1743 317 1793 non
333 1735 417 1792 tenes
431 1734 555 1792 arcumt
575 1729 691 1809 reponit
709 1750 716 1792 :
734 1730 822 1794 hodie
842 1729 916 1793 milri
932 1729 1055 1793 morbus
1069 1730 1187 1809 accidit,
1211 1747 1270 1796 non
1287 1747 1409 1812 possum

137 1848 238 1907 tenere
259 1857 378 1906 arcum.
402 1840 452 1906 nn
468 1861 476 1905 :
494 1842 621 1925 exigrrus
635 1858 693 1924 ego
707 1843 754 1907 vir
773 1841 861 1907 didici
879 1841 1006 1922 jaculari
1027 1858 1045 1906 a
1067 1844 1116 1907 Yn
1138 1845 1220 1928 long
1241 1849 1298 1922 t‘o,
1315 1851 1345 1909 et
1362 1846 1408 1908 Yn

136 1954 217 2038 long
239 1957 286 2019 t‘o
309 1953 412 2020 didicit
431 1955 558 2035 jaculari
571 1972 589 2019 a
604 1963 634 2020 te
656 1956 811 2040 magistro.
835 1957 899 2039 ligo
913 1971 973 2020 non
989 1954 1052 2022 tero
1068 1957 1110 2021 nti
1133 1957 1270 2041 magistri
1290 1959 1407 2023 institu-

137 2067 256 2133 tioneet
272 2075 447 2151 retorquere
454 2069 486 2132 in
497 2069 639 2133 damnum
655 2069 803 2153 magistri.
821 2070 1034 2134 Verumtamen
1049 2072 1225 2136 hodiernum
1241 2072 1406 2154 negotium,

138 2181 254 2265 regium
269 2189 319 2247 est
334 2183 500 2264 negotium,
524 2198 582 2264 ego
598 2200 657 2249 nnn
677 2184 771 2247 audeo
791 2184 928 2247 trustrari
946 2203 953 2246 :
972 2184 1150 2263 depromens
1172 2187 1298 2268 sagittas
1317 2184 1410 2250 allisit

137 2295 173 2359 ad
194 2304 307 2373 rotam,
338 2302 544 2379 expunctaque
565 2311 669 2363 earum
692 2297 823 2377 cuspide,
850 2297 950 2361 emisit
970 2305 1098 2377 quatuor
1120 2299 1258 2381 sagittas,
1288 2305 1318 2364 et
1341 2299 1409 2363 dein

139 2423 277 2474 reversus
291 2416 349 2475 est.

191 2521 245 2586 25.
269 2523 417 2599 lientsius
431 2523 473 2586 ait
490 2543 497 2586 :
516 2525 542 2587 si
556 2523 685 2589 tormosa
707 2525 736 2588 Si
753 2533 798 2591 tse
815 2521 856 2608 (3)
873 2531 1012 2604 cooperta
1038 2526 1142 2590 inisset
1166 2525 1314 2600 sordibus,
1336 2533 1409 2590 tunc

139 2635 227 2700 ceteri
241 2651 351 2701 omnes
365 2635 555 2700 obturassent
570 2652 658 2703 nares
669 2639 706 2703 ad
718 2653 784 2702 eam
800 2638 1120 2721 praetergrediendam.
1143 2637 1285 2711 Quamvis
1300 2638 1408 2718 aliquis

139 2748 277 2813 deformis
293 2750 337 2814 sit
355 2750 457 2826 homo,
474 2749 500 2813 si
514 2766 547 2815 se
567 2751 702 2831 purificet
722 2750 899 2815 abstinentia
925 2758 1090 2835 purgetque
1111 2752 1322 2829 ablutionibus,
1344 2751 1406 2832 jam

139 2861 243 2942 poterit
259 2863 351 2927 litare
366 2877 505 2942 supremo
520 2864 641 2929 domino
654 2866 713 2939 tt).

194 2974 247 3039 26.
270 2976 421 3041 lientsius
440 2976 482 3039 ait
499 2997 507 3039 :
525 2977 634 3057 unique
655 2979 789 3062 gentium
811 2995 879 3043 cum
902 2994 1001 3043 sermo
1022 2984 1069 3042 est
1083 2980 1119 3043 dc
1134 2984 1252 3056 natura,
1269 2979 1306 3043 dc
1320 2978 1406 3044 elfec-

139 3088 214 3152 tibus
223 3089 355 3166 scilicet,
372 3098 402 3153 et
412 3089 454 3152 nil
464 3091 593 3170 amplius
605 3111 612 3153 ε
626 3092 748 3156 effectus
763 3092 874 3157 habent
888 3091 1104 3173 proclivitatem
1122 3108 1176 3173 pro
1191 3092 1334 3173 principio
1344 3092 1402 3173 (5).

138 3200 217 3274 duod
237 3216 419 3267 aversamur
433 3204 464 3266 in
479 3204 672 3282 pmdoutibns
691 3211 737 3269 est
756 3206 824 3285 quia
843 3205 899 3284 ipsi
920 3205 1098 3285 detorquent
1115 3206 1171 3283 (6).
1199 3206 1230 3269 Si
1245 3207 1405 3286 prudentes

137 3314 211 3379 sicut
224 3316 273 3380 Yu
288 3315 440 3380 ducerent
463 3332 568 3395 aquas,
583 3317 645 3398 jam
660 3319 701 3381 nil
721 3333 929 3383 aversaremur
943 3317 974 3381 in
994 3320 1188 3398 prudentibus
1205 3338 1212 3381 :
1230 3319 1279 3382 Yu
1293 3320 1405 3384 ducens

140 3442 239 3508 aquas,
256 3429 348 3494 duxit
357 3445 415 3508 qua
431 3429 494 3510 ipse
509 3431 582 3494 nihil
599 3431 721 3495 haberet
736 3431 846 3515 negotii
860 3451 867 3493 :
880 3432 905 3494 si
917 3432 1077 3512 prudentes
1091 3433 1180 3497 etiam
1195 3434 1336 3497 ducerent
1346 3448 1404 3513 qua

140 3540 194 3620 ipsi
208 3544 249 3606 nil
272 3542 421 3608 haberent
435 3545 557 3626 negotii,
583 3550 655 3608 tunc
676 3545 831 3624 prudentia
851 3560 961 3627 magna
981 3545 1099 3625 quidem
1116 3546 1201 3611 toret.
1226 3546 1340 3609 (ioelum
1356 3563 1403 3609 su·

39 3734 42 3739 ,
141 3653 226 3721 lime
247 3664 307 3735 est,
334 3656 438 3721 stellae
457 3663 488 3720 ct
507 3656 603 3721 sidera
625 3663 740 3722 remota
760 3663 831 3721 sunt
848 3676 855 3720 :
873 3663 905 3721 at
926 3658 952 3721 si
973 3659 1135 3743 investiges
1150 3674 1254 3725 eorum
1269 3659 1403 3734 tilectus,

176 4021 224 4100 (l)
247 4009 287 4094 ᾗ
301 4031 493 4093 exclamantis
506 4040 559 4105 eut,
574 4011 617 4090 ᾗ
631 4008 671 4090 ἢ
686 4032 780 4092 innuit
799 4033 913 4093 nonnisi
925 4032 980 4094 hoo
994 4035 1144 4095 tenuitatis
1165 4055 1250 4097 seusu
1264 4035 1351 4096 verbo
1362 4054 1407 4096 oa·

140 4141 240 4219 pientio
254 4145 430 4222 accipienda.

176 4247 224 4328 (i)
246 4238 282 4322 Ζ
302 4258 454 4320 auxiliario
468 4266 519 4319 est.

177 4360 224 4438 (3)
243 4349 286 4426 Ε
307 4350 411 4434 'ison
427 4353 469 4429 Ε
487 4345 646 4435 Ϊεειιῗ
666 4349 720 4441 ἢ,
734 4371 836 4435 mulier
847 4374 1058 4449 formosissima,
1072 4376 1160 4437 sinica
1174 4373 1280 4436 Venus.

178 4474 224 4555 (t)
245 4459 288 4549 ff
301 4494 388 4546 sonat
403 4458 447 4544 ff
452 4532 459 4546 .

178 4589 225 4669 (6)
244 4598 280 4659 Iti
293 4599 381 4660 habet
395 4599 540 4679 proprium
552 4619 642 4661 mrum
656 4610 766 4672 notura,
783 4601 857 4679 quod
871 4599 931 4678 ejus
943 4603 1060 4662 effectus
1073 4602 1131 4661 sint
1146 4602 1305 4679 spontanei.

180 4701 226 4782 (o)
243 4710 332 4776 Veirrt
345 4712 515 4776 terebrando
528 4723 706 4794 extorquent,
719 4712 822 4775 nolant
834 4716 915 4794 aequi
926 4732 1039 4777 curcum
1051 4713 1209 4775 naturalem
1222 4734 1327 4776 rerum.

218 4843 238 4886 n
1286 4830 1323 4887 66
