3672 5690
711 433 799 478 neon
826 432 1031 484 adoraremus
1452 418 1511 477 aot

238 551 364 630 indeque
382 553 485 616 evehit
497 557 653 616 externum
671 548 811 612 decorum
830 554 840 613 t
845 548 887 619 1).
906 544 1124 625 Talisouecum
1135 545 1185 624 sit,
1201 554 1306 611 tenens
1318 547 1378 611 alta
1391 566 1450 614 non
1461 568 1510 614 su·

239 665 346 746 periit,
371 665 470 729 iactus
482 665 605 729 interior
618 679 677 728 non
691 662 867 727 contradicit
881 662 931 742 (2)
946 678 955 738 ;
975 661 1001 723 si
1016 675 1143 742 regnum
1157 662 1266 725 habeat
1277 661 1424 739 ordinem,
1445 664 1511 744 ejus

212 798 214 801 ’
238 780 328 843 rerba
343 778 494 844 sufficiunt
507 784 541 842 ut
554 782 775 858 promoveatur,
791 775 860 841 etsi
876 791 1003 857 regnum
1027 783 1127 839 careat
1147 776 1261 852 ordine,
1278 775 1343 853 ejus
1358 776 1510 841 silentium

240 892 346 956 sufficit
358 898 393 954 ut
412 893 573 972 sospitctur
590 908 597 953 :
614 890 683 954 dds
696 889 770 969 (111.
790 890 865 963 id.)
885 889 1017 952 dictum:
1040 912 1053 943 e
1075 887 1317 967 Quandoquidem
1337 890 1511 972 intelligens

240 1021 275 1069 ac
284 1006 427 1085 prudens,
440 1006 508 1069 inde
516 1003 704 1069 conservabit
712 1018 797 1067 suam
808 1016 991 1083 personam»
1007 1001 1081 1066 iilud
1091 1017 1190 1066 nonne
1201 1001 1328 1081 idipsum
1339 1003 1510 1086 significat?

281 1118 334 1183 28.
359 1118 520 1183 dontncius
531 1120 593 1182 ait:
607 1124 641 1180 ut
655 1116 738 1180 mdis
749 1132 821 1182 uero
835 1122 916 1180 amet
926 1131 943 1178 a
954 1115 1052 1195 seipso
1066 1130 1168 1196 agere,
1184 1113 1304 1179 iniimus
1317 1117 1415 1181 adduc
1429 1126 1511 1183 acret

241 1232 358 1311 sibijus
371 1247 526 1315 arrogare,
549 1238 638 1295 natus
651 1231 682 1293 in
696 1231 845 1309 praesenti
866 1230 985 1293 saeculo
1008 1236 1131 1293 renovet
1151 1227 1316 1308 priscomru
1339 1230 1434 1313 leges,
1458 1232 1511 1313 qui

242 1345 386 1425 eiusmodi
399 1352 456 1421 est,
473 1344 659 1409 calamitates
675 1344 823 1425 attingent
837 1343 902 1423 eius
916 1358 1073 1421 personam
1088 1343 1145 1421 (3).
1162 1367 1175 1399 n
1193 1341 1256 1405 Nisi
1269 1345 1337 1407 coeii
1353 1344 1442 1421 iilius,
1458 1362 1510 1409 ne·

242 1475 290 1523 mo
302 1460 399 1523 sancit
414 1459 501 1533 ritus,
517 1472 573 1523 nec
586 1457 691 1521 statuit
712 1458 844 1539 regulas,
867 1471 922 1520 nec
935 1454 1077 1533 dijudicat
1098 1455 1236 1520 litteras:
1254 1462 1284 1520 et
1297 1459 1341 1522 sic
1354 1474 1433 1521 nunc
1447 1466 1511 1524 toto

241 1572 365 1652 imperio
378 1588 485 1637 currus
505 1571 617 1635 habent
638 1571 774 1636 eamdem
798 1570 938 1646 orbitam,
954 1569 1170 1632 iibrieamdem
1194 1569 1385 1648 scripturam,
1410 1587 1512 1637 mores

243 1685 528 1768 suentensem).
553 1683 875 1750 Etlieetirabeaseam
888 1682 1076 1765 dignitatem,
1091 1681 1117 1745 si
1130 1696 1189 1747 non
1212 1682 1304 1747 habes
1327 1699 1393 1749 eam
1415 1686 1510 1749 virtu

244 1806 313 1874 um,
330 1816 386 1863 nec
396 1798 566 1863 audendum
579 1798 734 1863 instituere
748 1797 823 1860 ritus
834 1804 864 1863 et
875 1796 1039 1872 musicam;
1055 1796 1112 1860 etsi
1125 1795 1235 1859 habeas
1248 1798 1338 1860 talem
1354 1798 1508 1877 mutuum,

244 1912 333 1977 sinon
344 1913 437 1977 nabes
450 1913 541 1977 talem
553 1911 742 1994 dignitatem,
754 1911 826 1975 item
835 1909 990 1975 neaudeas
1003 1909 1158 1973 instituere
1169 1909 1244 1972 ritus
1252 1917 1281 1973 et
1291 1911 1435 1976 musicam
1448 1914 1507 1988 (5).

243 2024 399 2090 dontuoius
421 2025 519 2089 aiebat
534 2045 542 2090 ε
557 2041 615 2106 ego
634 2025 742 2104 loquor
754 2024 790 2087 de
805 2025 860 2088 ilia
878 2023 1030 2107 dynastiae
1043 2021 1150 2087 ritibus
1166 2040 1174 2100 ;
1190 2030 1221 2085 at
1234 2023 1286 2087 li‘i
1308 2040 1434 2106 regnum
1448 2043 1509 2092 non

244 2147 288 2203 est
307 2139 455 2203 sufficiens
476 2139 702 2203 testimonium:
719 2152 777 2220 ego
797 2137 885 2202 didici
899 2137 947 2200 Yu
962 2135 1114 2219 dynastiae
1137 2136 1225 2211 ritus,
1242 2142 1273 2201 et
1284 2146 1356 2200 sunt
1368 2137 1398 2201 in
1414 2156 1510 2222 regno

245 2252 324 2335 song
344 2253 543 2333 superstites:
559 2266 619 2335 ego
637 2250 725 2316 didici
746 2250 868 2317 Tciaeou
892 2249 1045 2333 dynastiae
1060 2249 1136 2313 ritus
1149 2267 1158 2327 ;
1173 2249 1204 2314 iri
1218 2267 1298 2315 nune
1312 2261 1507 2332 usurpantur,

245 2381 300 2448 ego
312 2381 422 2446 sequor
436 2367 556 2431 Teneou
570 2366 628 2444 (6).

283 2479 334 2544 29.
359 2480 389 2542 Si
403 2479 576 2561 godemaris
588 2477 746 2559 imperium
770 2477 877 2542 habeat
891 2476 948 2540 tria
962 2477 1013 2541 ilia
1028 2477 1217 2560 gravissima,
1242 2479 1268 2542 is
1282 2494 1380 2543 nonne
1394 2479 1508 2544 minue·

245 2598 288 2655 ret
307 2591 440 2657 noxiasr
462 2592 599 2656 Priorum
622 2593 685 2668 iiia,
710 2591 846 2671 quamvis
870 2590 989 2667 eximia,
1015 2599 1118 2655 carent
1139 2592 1309 2657 testimonio
1331 2608 1341 2668 ;
1366 2592 1509 2657 destituta

245 2705 476 2782 authenticitate,
492 2712 594 2770 carent
608 2705 682 2781 dde;
698 2720 767 2769 cum
777 2704 853 2768 desit
862 2704 923 2768 iilis
934 2703 1018 2781 rides,
1033 2706 1160 2784 populus
1171 2719 1230 2769 non
1241 2706 1395 2785 sequitur:
1410 2706 1507 2785 priua·

245 2823 340 2882 torum
353 2818 423 2893 alia,
440 2819 576 2898 quamvis
590 2818 678 2896 bona,
694 2824 797 2882 carent
818 2817 994 2881 auctoritate
1009 2834 1018 2895 ;
1033 2816 1174 2882 destituta
1198 2819 1386 2894 auctoritate,
1403 2826 1509 2885 carent

244 2930 298 2996 tide
313 2949 321 3007 3
338 2948 406 2996 eum
421 2933 497 2996 desit
511 2931 571 2996 illis
586 2932 669 3009 tides,
685 2932 813 3012 populus
827 2945 886 2995 non
901 2930 1047 3009 sequitur.
1079 2930 1149 2996 Idco
1172 2930 1314 3011 sapientis
1337 2931 1507 3013 gubernem

244 3043 281 3108 tis
302 3046 379 3109 ratio
400 3045 541 3109 tundatur
563 3045 595 3108 in
614 3044 723 3124 seipso,
739 3050 770 3109 et
784 3043 970 3124 probaturis
985 3049 1049 3109 toto
1071 3045 1205 3124 populo;
1230 3045 1398 3109 examinata
1420 3045 1507 3125 iuxta

281 3308 325 3389 (1)
345 3318 494 3378 internam
516 3317 647 3378 virtutem
669 3337 759 3395 nsque
779 3318 926 3396 majorem,
949 3319 1057 3397 majore
1078 3319 1165 3378 etiem
1188 3327 1307 3380 externo
1328 3318 1430 3378 decoro
1452 3320 1507 3382 rite

241 3440 350 3491 coercet
365 3431 596 3509 cohonestatque
637 3407 698 3506 Β,
716 3432 798 3508 qussi
810 3434 865 3493 iter
877 3432 1014 3504 insistere,
1029 3432 1077 3492 vie
1090 3432 1227 3493 incedere.

280 3535 325 3614 (2)
346 3523 388 3609 (ἕ
404 3543 480 3604 vaiet
496 3517 552 3608 ff.

279 3649 325 3727 (3)
346 3655 536 3717 adducuntur
547 3656 609 3717 hee
623 3655 708 3718 rerba
724 3654 853 3718 Condncii
867 3659 905 3719 od
918 3656 1133 3737 explanandum
1147 3661 1273 3739 superius
1288 3660 1416 3733 effatum,
1430 3662 1507 3740 sepi·

238 3779 335 3832 entem
349 3770 379 3828 in
393 3756 527 3830 imc'loco
541 3788 689 3848 nunquam
703 3772 902 3832 commedioere

280 3874 327 3952 (4)
346 3881 451 3944 Currus
464 3883 572 3944 hubent
585 3885 715 3945 eamdem
728 3884 860 3957 orbitam,
875 3886 944 3964 quia
952 3884 1061 3946 habent
1073 3886 1204 3946 eumdem
1217 3906 1344 3966 capsum,
1357 3904 1409 3947 sex
1418 3888 1505 3966 pedes

237 3996 417 4073 totidemque
430 3995 545 4076 pollices
557 3995 657 4070 lutum,
672 3996 740 4058 oiim
754 3998 791 4057 ab
804 3998 974 4076 imperatore
987 4000 1182 4059 constitutum.

279 4101 326 4181 (d)
345 4109 428 4169 Ritus
440 4110 513 4171 inter
522 4117 552 4171 et
560 4112 706 4182 musicam,
718 4108 806 4171 Prisci
817 4130 952 4190 magnam
963 4111 1142 4172 concordiem
1152 4112 1275 4172 existere
1282 4112 1503 4192 profitebantur:

237 4222 284 4284 iiii
295 4224 371 4283 enim
392 4225 497 4283 virtute
509 4224 623 4284 interna
636 4223 784 4284 informari
806 4224 956 4297 debebant,
971 4233 1003 4285 nt
1016 4225 1129 4285 interno
1148 4224 1308 4286 concineret
1329 4236 1480 4287 externum
1491 4251 1499 4306 3

238 4335 374 4398 amnne>
384 4338 523 4408 metue,
533 4348 567 4397 re
577 4338 666 4398 virtu
675 4338 788 4399 nanus
800 4338 975 4399 amonem
984 4361 992 4398 t
1002 4338 1070 4398 arne
1084 4340 1157 4400 enea
1167 4339 1229 4399 oss
1242 4337 1356 4401 remur.
1373 4315 1415 4399 ii
1425 4339 1501 4417 eus,

239 4436 349 4530 proprie
361 4449 439 4522 talis,
452 4449 544 4529 qualis
556 4450 655 4516 deceta
673 4451 749 4512 hanc
763 4452 838 4512 vocis
852 4454 1045 4530 acceptionem
1058 4453 1222 4531 cumprimis
1235 4452 1350 4513 uthrota.

279 4556 324 4635 (6)
344 4554 395 4626 K‘i
409 4566 492 4643 regni
510 4565 628 4637 familia,
650 4566 750 4646 primm
771 4565 913 4643 dynastiae
937 4567 1093 4644 progenies,
1118 4568 1250 4641 antiquos
1263 4566 1334 4625 ritus
1348 4564 1498 4644 amiserat3

242 4676 305 4741 wei
319 4689 362 4741 tse
374 4701 390 4741 c
403 4678 529 4741 oecunde
541 4679 683 4757 dynastia,
697 4688 809 4740 creatus
822 4680 904 4759 regni
918 4678 999 4760 Song
1011 4681 1131 4759 regulus,
1146 4698 1210 4741 suos
1224 4680 1294 4740 ritus
1307 4686 1477 4739 servaverat.
