3556 5664
613 496 710 540 oaeur
730 497 987 541 nuruum-eane
1006 499 1095 542 rurore
1428 486 1487 547 377

208 615 239 673 et
253 609 406 674 concinne
422 611 576 687 sarrietur,
596 609 721 690 iuvenes
736 627 789 691 per
804 611 925 676 iermtos
938 612 1002 676 dies
1017 615 1153 678 excolent
1168 630 1253 678 suam
1270 614 1421 694 pietatem,
1440 635 1485 682 re·

209 724 392 801 verentium,
411 724 626 807 integritatem,
645 724 849 801 veracitatem,
862 725 941 789 domi
953 731 985 788 ut
995 728 1127 792 serviant
1137 729 1263 808 propriis
1273 730 1445 808 parentibus
1456 740 1487 795 et

212 836 365 913 iratribus,
388 837 462 901 ioris
472 845 505 901 ut
516 837 646 901 serviant
660 837 723 900 suis
737 836 900 917 majoribus
910 845 940 901 et
950 839 1169 918 superioribus;
1187 841 1229 904 sic
1245 844 1356 920 poteris
1370 844 1486 909 edicere

213 957 248 1013 ut
256 951 411 1014 instruant
420 950 542 1015 baculos
552 952 588 1014 ad
600 951 823 1029 percutiendum
835 967 996 1033 regnorum
1007 953 1092 1016 T‘sin
1101 965 1130 1018 et
1141 955 1259 1019 T‘cbou
1269 956 1368 1019 firmas
1377 958 1486 1021 loricas

214 1070 360 1143 acuteque
374 1079 470 1128 arma.
495 1064 550 1128 llla
565 1079 659 1146 regna
674 1064 840 1145 surripiunt
852 1065 915 1128 suis
929 1065 1046 1145 populis
1062 1068 1204 1146 temporis
1218 1070 1482 1148 opportunitatem,

214 1178 344 1241 etbciuot
359 1184 393 1240 ut
408 1185 558 1257 nequeant
576 1193 663 1241 arare
678 1184 708 1241 et
722 1178 886 1242 exherbare
901 1179 937 1241 ad
953 1179 1075 1244 alendos
1096 1180 1233 1260 proprios
1254 1188 1408 1261 parentes;
1433 1200 1484 1264 pa·

217 1296 316 1355 rentes
331 1291 446 1373 algent,
465 1291 610 1366 esuriunt,
629 1290 737 1354 iratres
751 1291 880 1370 majores
894 1299 925 1355 et
939 1291 1081 1369 minores,
1099 1309 1218 1369 uxores,
1244 1294 1340 1370 liberi,
1357 1296 1485 1376 sejuncti

218 1403 440 1485 disperguntur.
472 1403 535 1467 lllis
556 1404 808 1484 precipitantibus
823 1412 852 1469 ct
866 1405 1108 1487 demergentibus
1130 1423 1200 1471 suos
1222 1410 1358 1488 populos,
1376 1425 1441 1486 rex,
1458 1410 1485 1473 si

215 1532 266 1580 eas
276 1524 306 1580 et
316 1532 472 1600 oppugnes
482 1517 545 1592 illa,
558 1518 695 1596 quisnam
711 1518 854 1581 adversus
870 1534 972 1600 regem
988 1518 1186 1584 oblectabitur
1196 1517 1256 1603 (tlt
1272 1522 1481 1587 Hinedicitur:

216 1631 364 1693 humanus
379 1647 439 1695 non
456 1630 545 1694 babet
558 1631 764 1707 adversarium
783 1648 846 1708 rex,
864 1647 976 1711 queso,
993 1649 1031 1696 11
1046 1633 1171 1697 dubites.

272 1744 302 1807 6.
327 1743 472 1807 meruius
496 1743 597 1807 invisit
622 1760 723 1826 regem
749 1745 852 1827 leang
876 1744 977 1827 Siang.
1008 1747 1165 1829 Egressus,
1192 1749 1375 1827 compellans
1393 1750 1481 1827 alios,

215 1856 307 1920 dixit:
320 1858 438 1919 eunicus
452 1857 635 1936 prospiciens
651 1857 748 1933 illum,
763 1874 822 1922 uon
835 1857 989 1922 videbatur
1004 1859 1159 1923 hominum
1175 1859 1329 1941 princeps;
1347 1863 1483 1928 cominus

214 1969 1139 2051 1111111111,111111111111111111111111111111111111
1155 1973 1351 2056 interrogavit
1360 1975 1478 2040 dicens:

213 2083 370 2162 imperium
381 2085 530 2162 quomodo
541 2083 708 2148 stabilietur
717 2081 776 2167 (ill
791 2086 855 2167 Ego
863 2086 1000 2164 respondi
1011 2105 1018 2147 :
1029 2086 1196 2150 stabilietur
1207 2103 1259 2166 per
1271 2088 1413 2152 unitatem
1422 2087 1477 2173 (3).

213 2195 285 2268 0111
314 2196 420 2276 poterit
452 2197 538 2262 unire
567 2198 661 2261 illud?
696 2197 868 2277 Respondi:
887 2213 947 2262 nou
971 2199 1140 2278 discupiens
1169 2201 1302 2265 occidere
1331 2203 1479 2281 homines,

213 2309 322 2388 poterit
336 2311 422 2373 unire
437 2310 520 2375 illud.
544 2309 617 2383 Quis
632 2311 753 2376 voletse
763 2312 870 2376 dedere
883 2312 927 2375 illi
941 2309 1006 2396 (alt
1028 2313 1175 2392 Respondi
1189 2331 1197 2376 :
1209 2313 1240 2377 in
1253 2313 1377 2393 imperio
1393 2332 1482 2380 nemo

213 2436 273 2486 nou
289 2438 321 2487 se
336 2423 431 2487 dedet.
464 2423 539 2501 Rex,
564 2426 680 2489 nostine
702 2425 770 2488 illas
791 2429 927 2507 segetes?
955 2426 986 2489 Si
1001 2425 1031 2489 in
1047 2425 1180 2505 septime
1200 2428 1247 2490 vel
1269 2433 1381 2491 octavae
1403 2429 1482 2493 lunae

213 2535 310 2599 medio
326 2536 455 2611 siccitas,
474 2541 545 2600 tunc
560 2544 677 2620 segetes
693 2543 832 2602 armeunt
843 2534 899 2622 (5).
921 2536 959 2601 lt
969 2541 995 2603 si
1007 2540 1083 2603 coelo
1093 2540 1185 2603 dense
1198 2540 1357 2623 insurgant
1372 2542 1479 2620 nubes,

212 2655 244 2712 et
257 2648 349 2713 effuse
371 2649 531 2714 descendat
555 2650 661 2727 imber,
680 2659 750 2715 tuuc
765 2659 883 2733 segetes
907 2652 1084 2716 viviscentes
1108 2653 1229 2734 erigunt
1250 2669 1316 2717 sese
1333 2651 1387 2737 (6).
1416 2655 1481 2719 Illis

213 2744 915 2844 111111111111111111111111111
942 2766 1027 2829 nune
1041 2781 1113 2830 vero
1128 2765 1158 2829 1
1178 2764 1303 2846 imper
1324 2768 1479 2832 nominum

213 2881 314 2954 pastor
329 2876 430 2939 nullus
445 2883 502 2953 est,
524 2878 575 2957 qui
590 2892 650 2942 non
665 2883 785 2957 appetat
799 2878 932 2943 occidere
948 2879 1083 2942 boudnes
1101 2898 1109 2940 :
1127 2879 1153 2942 si
1167 2890 1248 2944 esset
1262 2894 1320 2942 non
1336 2890 1480 2960 appetens

213 2988 345 3053 occidere
361 2989 509 3066 homines,
526 2997 596 3054 tuno
610 2990 726 3071 imperii
743 2992 841 3071 populi
857 3007 961 3057 omnes
975 2992 1125 3073 erigerent
1141 2993 1251 3057 collum
1261 3000 1292 3056 et
1302 2994 1481 3058 anhelarent

211 3102 306 3166 illum.
332 3102 515 3179 siruella,
532 3104 633 3184 populi
648 3104 832 3169 conluerent
846 3104 884 3168 ad
897 3105 994 3180 illum,
1012 3105 1104 3168 veluti
1119 3111 1267 3171 torrentes
1283 3113 1373 3170 muut
1393 3107 1478 3172 deor·

212 3231 279 3277 sum
296 3212 352 3298 (t),
369 3222 398 3279 et
414 3215 457 3280 sic
472 3218 597 3281 torrenti
612 3217 737 3294 similes,
754 3218 821 3297 ouis
836 3218 944 3297 poterit
958 3217 1085 3284 retinere
1100 3219 1192 3283 illos?

250 3585 297 3664 (1)
318 3570 357 3655 ἦ
373 3597 455 3655 initio
469 3595 585 3675 phrasis,
600 3607 644 3657 eut
659 3598 746 3657 veluti
759 3597 893 3658 ordeolus
905 3607 956 3658 eut
970 3618 1135 3676 pronomen.

248 3699 297 3775 (2)
320 3684 359 3770 ᾗ
371 3718 437 3787 pout
453 3684 506 3767 ‹ff›
521 3711 558 3768 ed
571 3709 755 3785 fulciendum,
769 3712 813 3771 uti
826 3712 1034 3772 adnotavimus.

249 3816 295 3889 (31
316 3820 346 3881 Si
361 3841 464 3900 nempe
477 3823 507 3882 iu
521 3843 579 3882 uno
592 3824 686 3902 capite
700 3824 871 3886 stabiliatur.
1527 3896 1538 3919 υ

248 3925 297 4003 (4)
317 3936 381 3994 Duo
402 3934 451 3995 hic
471 3936 586 3996 adverte
600 3958 608 3995 a
620 3938 743 4015 primum
756 3946 808 4009 eet,
822 3937 900 4014 quod
921 3937 998 3998 Sine
1010 3957 1091 3999 mum
1106 3916 1147 4004 Ε
1166 3959 1255 4018 poree,
1268 3940 1424 4019 aliquando
1438 3944 1478 4003 ad

211 4046 391 4107 uoluntatem
413 4049 596 4123 transferunt,
615 4061 645 4109 et
658 4050 699 4110 uio
714 4027 753 4109 Z}
775 4023 817 4109 ἦ
831 4050 973 4111 defectum
995 4052 1164 4130 quandoque
1186 4053 1324 4133 importat
1344 4053 1477 4114 voluuta-

205 4162 245 4220 tiu
259 4183 267 4219 :
280 4161 404 4222 alterum
417 4171 461 4220 cut
473 4161 549 4223 illius
563 4139 605 4227 Q
619 4163 794 4240 uignibtmtio,
809 4163 885 4241 quod
895 4165 1015 4225 sectmdo
1029 4164 1137 4225 scilieet
1151 4172 1220 4225 tono
1233 4167 1371 4245 significet
1388 4171 1475 4245 aequi,
1583 4166 1585 4173 ’

203 4286 281 4334 stare
294 4276 330 4333 ab
342 4276 445 4350 aliquo.

245 4377 292 4460 (5)
313 4387 442 4465 sepum
450 4395 481 4448 et
489 4397 592 4450 octava
600 4390 653 4451 sub
665 4389 781 4450 Tcheoo
791 4390 926 4467 dynastia
935 4390 1011 4467 1111,
1021 4389 1129 4452 seilicet
1142 4392 1243 4468 quinte
1251 4401 1281 4452 et
1290 4401 1375 4453 sexta
1387 4391 1473 4470 hvtjm

203 4502 352 4580 temporis.

242 4609 288 4684 (6)
309 4594 352 4679 ἢ
367 4615 459 4675 secere
473 4616 615 4691 adverbia,
627 4616 753 4695 pluribus
766 4614 816 4678 hic
827 4627 909 4697 patet
921 4619 1069 4699 exemplis.

112 4788 119 4803 ,
241 4704 494 4815 fflssmss.
