3556 5664
592 502 688 545 eaeor
706 502 878 544 rnnrurr-
890 500 964 543 rans
984 500 1074 544 aaron
1406 488 1465 546 388

183 614 365 692 perveniam
382 616 421 678 ad
436 615 563 679 aliorum
578 632 677 691 senos,
700 621 731 678 et
744 614 896 696 diligendo
912 630 994 679 meos
1007 613 1151 693 iuniores,
1176 615 1219 680 sic
1234 616 1380 699 attingam
1392 617 1464 680 alio·

185 743 255 791 mm
268 728 422 806 iuniores,
440 729 597 808 imperium
613 728 722 808 poterit
735 729 810 792 uerti
822 729 852 792 in
864 729 962 808 palma
979 744 1086 793 manus
1097 725 1152 811 (1).
1180 730 1306 794 Carmen
1319 730 1381 813 (Ill
1394 727 1463 813 .6.)

188 840 299 906 babet:
319 865 333 898 o
353 843 509 921 exemplar
524 857 578 922 pro
594 843 675 906 unul
690 841 829 923 coniuge,
854 842 996 922 pertinuit
1010 842 1048 906 ad
1063 842 1170 906 iratres
1185 851 1215 907 et
1231 843 1350 919 iratres,
1376 851 1406 907 et
1422 843 1466 908 sic

190 954 318 1019 uccemit
333 955 371 1019 ad
388 955 531 1020 familiam
548 956 687 1019 socialem
703 981 716 1012 »
739 952 793 1038 22),
816 956 918 1031 idest,
942 956 1102 1034 preferens
1125 955 1295 1034 huiusmodi
1316 957 1463 1034 animum,

192 1068 350 1151 ingerebat
364 1069 397 1133 in
416 1070 496 1145 illos,
522 1075 553 1135 et
568 1069 610 1134 nil
630 1069 710 1134 aliud
727 1066 782 1152 (3).
811 1068 996 1149 Quapropter
1015 1069 1175 1133 exundere
1197 1069 1337 1135 beneficia
1358 1070 1467 1136 suflicit

193 1182 230 1246 ad
245 1183 505 1262 complectendum
526 1190 655 1263 quatuor
676 1182 769 1245 maria
787 1201 795 1246 z
814 1199 873 1247 uon
894 1183 1079 1247 extendendo
1100 1182 1254 1259 beneficia,
1275 1200 1331 1248 nec
1345 1192 1392 1247 est
1406 1200 1467 1264 quo

194 1295 350 1360 foveantur
362 1296 583 1361 uxorctlibcri.
601 1295 795 1375 Antiquitatis
808 1296 946 1361 homiues
956 1312 1010 1360 cur
1020 1296 1110 1378 longe
1120 1296 1326 1375 superaverint
1336 1304 1464 1374 ceteros,

195 1425 254 1473 non
280 1410 374 1486 aliud,
401 1417 482 1477 recte
510 1410 708 1474 extendebant
729 1410 808 1489 quod
829 1410 885 1489 ipsi
906 1409 1047 1491 agebant,
1072 1416 1102 1473 et
1116 1426 1154 1474 eu
1177 1416 1272 1475 totum
1296 1407 1352 1494 (l).
1381 1411 1468 1475 Nunc

195 1539 266 1588 uero
280 1521 475 1588 beneficentia
490 1523 598 1587 suflicit
612 1523 649 1586 ad
660 1523 867 1607 attingendum
883 1523 970 1586 bmta
980 1524 1155 1599 animantia,
1172 1530 1202 1587 et
1212 1523 1289 1587 bona
1304 1538 1393 1603 opera
1406 1539 1467 1589 non

196 1637 373 1717 perveniunt
392 1637 429 1701 ad
449 1638 603 1717 populum,
627 1653 680 1701 cur
703 1638 790 1701 modo
805 1638 871 1701 sic?
898 1637 1044 1713 Pondere,
1068 1643 1141 1702 tuno
1160 1638 1281 1702 demum
1303 1637 1379 1702 scies
1401 1638 1467 1703 leve

196 1766 233 1814 an
254 1765 364 1834 graue3
388 1751 505 1829 metire,
529 1757 560 1815 et
579 1757 680 1829 postea
701 1751 778 1815 scies
797 1751 922 1833 longum
941 1764 980 1814 an
1000 1750 1114 1816 brovc:
1138 1766 1187 1815 res
1208 1766 1313 1816 omnes
1333 1750 1392 1827 ita3
1415 1767 1468 1816 cor

197 1864 285 1928 etiam
296 1864 414 1946 magis:
430 1879 494 1940 rer,
512 1878 623 1943 quaeso,
641 1865 873 1944 perpendeillud
885 1861 941 1948 (5).
958 1863 1098 1940 Atesim,
1116 1881 1178 1941 rea,
1199 1879 1302 1931 moros
1317 1863 1425 1930 loricas
1436 1870 1468 1929 et

197 1992 290 2052 arma,
315 1976 419 2056 objicis
437 1977 571 2059 periculo
586 1977 696 2043 milites
711 1984 742 2041 et
756 1978 857 2055 duces,
885 1977 1027 2042 adsciscis
1041 1978 1107 2042 odia
1123 1978 1160 2041 ab
1175 1978 1314 2042 omnibus
1334 1978 1465 2058 regulis3

198 2091 339 2170 numquid
361 2091 405 2155 sic
426 2105 497 2155 vero
518 2090 628 2155 letaris
649 2091 680 2155 in
703 2092 814 2156 corde?
835 2092 899 2156 Iler
920 2091 962 2153 ait
979 2110 987 2153 ε
1006 2106 1218 2171 nequaquam:
1241 2107 1299 2174 ego
1319 2092 1468 2170 quomodo

198 2204 313 2268 laetarer
326 2203 358 2268 in
373 2204 442 2268 bist
463 2205 537 2269 Utor
546 2206 584 2269 ad
599 2205 790 2283 querendum
806 2207 884 2285 quod
900 2219 958 2287 ego
973 2205 1059 2269 valde
1074 2210 1181 2284 exopto
1194 2201 1249 2288 (6).
1273 2204 1397 2270 subdit:
1414 2221 1469 2270 rex

197 2318 273 2396 quod
294 2319 382 2383 ualde
402 2324 533 2398 exoptat,
560 2333 721 2398 possumne
743 2317 876 2383 obtinere
891 2323 925 2383 ut
939 2318 1080 2383 audiam?
1107 2318 1171 2383 lieu
1186 2318 1320 2396 subrisit,
1342 2325 1372 2382 et
1392 2317 1468 2382 nibil

198 2432 322 2496 locutus.
348 2430 453 2496 Subdit
469 2451 477 2494 ε
494 2447 533 2495 an
549 2432 627 2512 quod
643 2431 764 2514 pinguia
780 2438 810 2496 et
825 2432 922 2497 dulcia
938 2447 997 2495 oon
1013 2431 1159 2495 sufficiant
1173 2432 1210 2495 ad
1231 2438 1365 2514 gustum,
1389 2432 1469 2496 levia

196 2551 225 2608 et
234 2544 328 2608 calida
340 2561 399 2609 uon
410 2545 556 2611 subiciunt
571 2546 688 2625 corpori
696 2542 756 2628 (733
774 2547 821 2611 rol
833 2547 922 2610 etiam
933 2545 1012 2624 quod
1023 2544 1140 2624 pulchri
1155 2546 1272 2609 colores
1284 2560 1342 2608 nou
1358 2560 1468 2626 suppe-

197 2664 260 2720 tant
270 2659 422 2737 spectandi
433 2658 471 2722 ab
481 2658 586 2734 oculis,
604 2659 734 2722 sonitum
750 2666 912 2723 concentus
927 2674 986 2723 noo
1002 2664 1159 2738 suppetant
1175 2657 1270 2721 audiri
1280 2658 1318 2721 ab
1330 2659 1466 2736 auribus,

196 2771 324 2851 expediti
338 2772 509 2836 adulatores
524 2787 583 2836 non
598 2779 706 2851 praesto
721 2772 782 2836 sint
797 2771 977 2852 exequendis
990 2772 1082 2852 jussis
1095 2771 1126 2834 iu
1142 2778 1322 2851 conspectui
1337 2771 1375 2835 llt
1386 2771 1469 2854 regis

197 2884 270 2949 rarii
285 2885 427 2959 ministri,
444 2886 543 2950 omnia
561 2900 648 2965 pares
663 2886 779 2949 suntad
790 2885 1076 2950 subministrandum
1091 2884 1160 2961 isla,
1179 2884 1311 2966 adeoque
1326 2901 1379 2949 rex
1393 2899 1468 2965 quo·

198 2998 284 3063 modo
295 3006 416 3080 propter
426 2998 618 3078 huiusmodi?
639 2999 716 3064 Dixit
728 3019 736 3062 ε
749 3014 949 3080 nequaquam,
962 3014 1019 3082 ego
1029 2999 1108 3062 baud
1123 3005 1244 3079 proptor
1253 2998 1320 3065 ista.
1341 2999 1466 3064 subdit:

236 3365 280 3436 (ἳ)
300 3352 341 3437 ffl
356 3383 441 3434 sonat
452 3346 510 3447 ᾗ,
526 3394 670 3435 occurrere
683 3375 807 3435 obuiam.

235 3479 279 3558 (3)
299 3486 398 3548 Facile
411 3503 484 3549 esset
497 3489 558 3566 regi
573 3488 645 3550 bene
665 3508 792 3566 regnare,
815 3506 882 3549 cum
896 3488 934 3551 ad
948 3489 977 3551 id
990 3488 1111 3551 sufficiat
1125 3497 1157 3548 ut
1170 3508 1199 3548 se
1213 3496 1288 3549 reete
1310 3499 1467 3567 componet

197 3601 227 3659 in
241 3602 350 3661 radone
364 3603 440 3673 vitan,
460 3621 496 3662 ex
510 3620 566 3679 quo
581 3601 702 3679 populos
715 3603 822 3662 botrum
836 3602 923 3661 ducet
936 3601 1109 3680 exemplum,
1131 3601 1174 3660 uti
1197 3599 1271 3662 Wen
1286 3621 1336 3661 rex
1349 3603 1468 3681 agebat,

198 3714 302 3792 dequo
315 3735 430 3775 carmen
444 3715 579 3791 loquitur.

237 3820 282 3898 (4)
303 3826 406 3888 Officio
419 3827 573 3906 explebunt
584 3846 653 3904 erga
666 3846 739 3901 suos,
756 3829 888 3889 ataenis
901 3828 1021 3906 gradum
1035 3827 1179 3887 faciebant
1193 3828 1230 3886 od
1243 3827 1388 3907 populum.

236 3932 281 4009 (5)
304 3939 361 4000 cor
374 3940 566 4018 multomagis
576 3942 810 4015 examinandum,
828 3962 893 4000 cnm
907 3940 1049 4000 difficilius
1059 3940 1304 4017 dignoscatorreu
1314 3941 1469 4003 miserendi

199 4053 277 4116 boris
290 4063 333 4114 est
348 4054 485 4132 grandior
502 4073 589 4130 quarn
607 4054 757 4114 miserendi
773 4056 868 4134 populi
886 4055 1012 4126 effeetus,
1029 4061 1058 4113 et
1069 4060 1167 4112 tamen
1182 4072 1240 4113 nou
1255 4054 1393 4132 edrerlin3
1403 4075 1469 4134 por-

200 4168 288 4246 pende
301 4169 396 4247 igitur,
416 4187 465 4228 seu
480 4167 607 4246 pondere
627 4177 657 4228 el
678 4169 777 4228 metire
792 4176 871 4227 tuum
893 4187 950 4238 cor,
972 4176 1005 4226 ut
1019 4186 1079 4226 rem
1098 4165 1170 4226 odeo
1184 4176 1391 4228 momentoeam
1406 4189 1471 4249 per·

199 4282 339 4343 oeuliseas.

236 4386 281 4465 (6)
299 4395 375 4456 Illud
389 4369 431 4453 fl*
448 4369 489 4453 U
503 4394 552 4457 hio
574 4396 678 4457 iterum
699 4396 864 4475 perpendo:
881 4364 921 4450 {ff
936 4402 1038 4473 practer
1058 4413 1125 4454 suos
1145 4394 1311 4474 aooipicndi‚
1324 4394 1469 4472 maurique

198 4508 340 4570 indicendi
352 4508 582 4588 significetiom
598 4509 774 4571 voluntalem
787 4510 884 4572 innuit
905 4505 1014 4586 aliquid
1032 4507 1146 4588 egendi,
1159 4509 1220 4568 volo
1229 4527 1281 4588 per·
1294 4508 1352 4569 daeo
1364 4527 1470 4586 patore·

196 4642 226 4682 re
237 4624 311 4701 qnod
322 4643 372 4705 epo
386 4622 468 4681 valde
479 4633 583 4702 coopto.

201 4780 205 4787 ,
234 4730 279 4808 (7)
297 4738 392 4800 Leues
404 4733 561 4817 cdidaeqno
576 4745 674 4798 vestm
