3554 5642
514 491 610 545 carqr
630 491 746 534 saxona
758 507 799 519 --
813 491 886 533 rans
907 491 1069 535 aosnnnron
1366 481 1425 538 599

217 607 269 671 15.
291 604 438 668 llentsius
453 603 494 667 ait
511 623 518 666 :
536 605 636 668 choen
656 604 764 683 prodiit
778 621 816 668 ex
830 618 971 685 agromm
993 603 1101 682 medio,
1125 606 1184 669 lou
1199 604 1257 688 yud
1272 615 1426 686 promotus

160 721 408 786 elormuceorum
431 718 577 797 parietum
592 718 688 782 medio
708 715 763 802 (1),
788 719 863 782 lliao
878 718 916 782 ko
930 725 1102 797 assumptus
1116 735 1133 783 e
1149 719 1273 799 piscium
1296 722 1426 809 salisque

159 833 266 909 medio,
290 833 377 896 Iloua
393 831 403 894 i
418 847 458 895 ou
472 832 617 896 abductus
631 833 667 895 de
683 832 810 896 carceris
826 832 959 906 custode,
985 831 1062 894 Suen
1079 834 1158 896 clrou
1172 849 1251 916 ngao
1273 836 1370 897 elatus
1389 852 1427 898 ex

160 943 307 1029 mariti),
332 943 372 1009 Pe
388 944 409 1008 li
424 945 456 1008 hi
478 951 598 1009 evectus
613 960 649 1008 ex
665 946 806 1024 emporio.
838 946 942 1024 ltaque
964 960 1032 1009 cum
1055 946 1163 1009 ooelum
1184 948 1250 1010 rull
1271 948 1427 1012 demittere

159 1075 302 1142 magnum
317 1075 394 1123 onus
409 1058 441 1122 in
460 1059 591 1138 aliquem
610 1058 774 1136 hominem,
799 1076 844 1122 nae
860 1058 942 1138 prius
964 1057 1068 1142 adtigit
1083 1059 1148 1138 eius
1163 1076 1215 1124 cor
1230 1068 1260 1124 et
1275 1061 1425 1140 spiritum,

159 1173 263 1256 fatigat
284 1171 351 1252 ejus
372 1188 481 1237 nervos
496 1179 526 1237 et
547 1187 627 1248 ossa,
654 1179 796 1236 extenuat
817 1172 882 1252 eius
904 1171 1038 1236 membra
1060 1179 1089 1237 et
1111 1182 1222 1249 cutem,
1246 1175 1428 1254 depauperat

159 1286 418 1367 expoliatqneq'us
427 1301 593 1365 nermnam,
609 1301 736 1365 cunique
744 1287 818 1391 aqit,
831 1286 953 1365 impedit
961 1292 992 1349 et
1000 1286 1099 1350 turbat
1108 1302 1174 1365 quae
1185 1287 1235 1352 ille
1247 1289 1423 1369 agitaverat.

158 1401 213 1465 Per
227 1401 544 1475 haccommoretcor,
561 1399 682 1463 indurat
696 1408 847 1476 naturam,
869 1399 1007 1480 additque
1018 1401 1156 1479 quaeipse
1168 1416 1225 1464 non
1237 1398 1380 1484 attingit(
1402 1398 1426 1484 ).

158 1514 306 1596 Volgares
322 1513 412 1577 etiam
428 1513 564 1577 homines
579 1513 690 1593 passim
707 1512 822 1591 fallunt,
848 1520 878 1577 et
892 1517 964 1578 tunc
979 1513 1099 1576 demum
1114 1522 1239 1592 nonunt
1254 1514 1427 1578 emendari:

159 1626 353 1692 arctanturin
363 1628 463 1701 corde,
480 1626 682 1706 impediuntur
692 1627 722 1690 in
733 1634 844 1702 mente,
861 1626 969 1690 etdein
980 1626 1163 1704 excitantur3
1182 1643 1229 1693 res
1246 1627 1389 1707 probatur
1398 1627 1430 1691 in

158 1742 254 1817 vultu,
272 1741 410 1822 proditio
422 1756 506 1817 voce,
523 1747 553 1804 et
563 1741 630 1805 dein
641 1740 814 1822 intelligunt
826 1737 881 1825 (l).
899 1740 934 1804 ln
946 1740 1160 1822 regnisetiam,
1178 1741 1259 1806 intus
1274 1741 1432 1820 quidemsi

159 1854 255 1919 desint
271 1855 374 1938 legum
389 1863 509 1919 tenaces
524 1854 654 1929 familiae,
672 1854 905 1934 adjuvantesque
920 1855 1087 1934 sapientem
1106 1853 1177 1918 loris
1193 1872 1275 1933 vero,
1292 1854 1318 1918 si
1332 1856 1431 1919 desint

159 1967 278 2031 hostilia
293 1983 389 2051 regna
403 1973 591 2047 externasque
606 1968 802 2044 calamitates,
820 1984 948 2050 regnum
964 1969 1139 2048 plerumque
1154 1970 1230 2048 perit
1244 1966 1300 2053 (5).
1318 1969 1431 2032 Exinde

157 2080 218 2160 jam
232 2081 310 2146 scies
326 2081 418 2145 vitam
428 2097 465 2144 ex
476 2096 604 2145 moerore
615 2081 807 2158 mariamnis,
826 2068 952 2146 mortem
968 2096 1040 2145 vero
1050 2097 1087 2145 ex
1098 2082 1196 2161 quiete
1206 2082 1359 2148 etdeliciis
1371 2079 1426 2167 (6).

217 2195 269 2260 16.
293 2195 440 2261 llentslus
453 2196 496 2260 ait
513 2214 520 2258 :
538 2194 679 2259 edocendi
701 2195 819 2274 quidem
839 2194 925 2258 multi
941 2202 1011 2259 sunt
1026 2196 1116 2258 modi.
1140 2194 1224 2267 Quod
1239 2213 1297 2279 ego
1311 2212 1371 2260 non
1387 2196 1430 2259 di-

160 2323 236 2391 gnor
251 2309 382 2389 aliquem
398 2310 533 2385 edocere,
551 2310 608 2372 lroc
622 2308 712 2373 etiam
728 2316 774 2372 est
788 2310 894 2377 docere
908 2308 994 2373 illum
1009 2315 1039 2373 et
1054 2307 1096 2372 nil
1112 2309 1192 2374 aliud
1209 2306 1266 2395 (7).

507 2519 716 2619 CAPUT
750 2520 1086 2620 strumum.

216 2760 414 2825 Mentsiusait
426 2780 434 2823 z
448 2760 499 2840 qui
516 2759 655 2823 exhaurit
669 2776 756 2824 suum
767 2776 830 2836 cor,
849 2760 1003 2842 cognoscit
1018 2775 1103 2823 snam
1118 2766 1275 2836 naturam;
1293 2777 1362 2826 cum
1378 2779 1431 2828 no·

161 2874 237 2940 verit
258 2889 345 2938 suam
367 2880 519 2951 naturam,
542 2881 613 2937 tnnc
634 2875 789 2956 cognoscit
810 2874 928 2938 coelum.
958 2873 1111 2938 custodire
1131 2891 1218 2937 suum
1239 2891 1290 2939 cor
1304 2882 1334 2938 et
1349 2877 1431 2941 alere

162 3003 246 3051 suam
262 2995 411 3065 naturam,
432 3005 469 3053 en
480 3004 539 3068 quo
551 2987 680 3053 servitur
695 2988 782 3053 coelo.
800 2989 841 3053 lle
851 2987 912 3049 rita
926 2987 1009 3051 brevi
1025 2989 1072 3053 vel
1087 2988 1177 3068 longa
1193 3003 1253 3051 non
1269 3004 1335 3054 esse
1350 2991 1430 3055 anci·

162 3101 252 3180 pitem
267 3102 329 3177 (8),
347 3102 399 3166 sed
415 3118 480 3167 sese
495 3102 631 3165 excolere
645 3100 716 3164 dum
736 3101 1009 3181 expectenturillae,
1030 3115 1067 3164 en
1083 3117 1142 3182 quo
1156 3109 1294 3166 servatur
1308 3104 1430 3167 coeleste

162 3215 349 3279 mandatum.

163 3589 248 3650 Koan
263 3591 375 3670 tehong
396 3592 578 3653 detinebatur
590 3593 753 3664 incarcere,
777 3612 842 3652 cnm
863 3592 951 3652 Hoan
964 3592 1025 3651 dux
1038 3591 1119 3667 illqrn
1142 3592 1273 3669 regimini
1295 3592 1429 3670 praefecit.

163 3703 240 3763 Suara
253 3704 330 3764 chon
340 3724 417 3783 ngao
427 3705 465 3764 ad
474 3706 560 3764 maris
571 3726 651 3766 oram
661 3704 850 3780 delitescebat,
864 3723 930 3765 cnm
944 3705 1086 3784 Tchoang
1094 3724 1145 3765 rex
1156 3705 1209 3783 ipsi
1219 3706 1338 3765 credidit
1348 3706 1430 3783 regni

163 3804 273 3876 T‘chou
288 3816 573 3878 administrationem.

199 3919 247 3999 (3)
266 3910 310 3996 Β
327 3938 411 3991 sonat
426 3911 484 3994 ἦ.

200 4036 247 4115 (4)
269 4021 313 4106 st
326 4044 401 4103 idern
416 4063 451 4104 ao
466 4019 524 4107 ff
548 4046 670 4106 Nonnisi
684 4044 810 4105 fallendo
830 4046 1029 4121 emendantem
1048 4046 1276 4124 quandoquidem
1288 4066 1346 4105 non
1363 4048 1431 4107 inci-

162 4156 245 4234 piunt
255 4175 344 4237 agero
353 4165 453 4217 contra
461 4178 526 4219 snos
535 4159 670 4234 defectus,
680 4160 807 4219 nisicum
815 4179 845 4220 se
853 4159 977 4219 sentiunt
984 4158 1043 4237 jam
1053 4168 1195 4237 gravatos,
1205 4179 1258 4219 nec
1265 4159 1430 4239 intelligunt

162 4286 193 4329 aa
205 4288 312 4343 amare,
325 4270 380 4330 nisi
391 4272 507 4349 quando
517 4292 562 4332 rea
574 4271 649 4332 clare
659 4274 719 4350 jam
733 4280 816 4332 extra
830 4279 955 4350 apparet.

199 4374 246 4453 (5)
273 4361 316 4450 Β
329 4383 403 4444 idem
417 4404 451 4443 aa
466 4360 525 4447 ᾗ.

202 4484 249 4566 (6)
273 4495 424 4558 Gradatim
438 4499 501 4576 agit
513 4499 550 4558 de
562 4499 704 4570 heroibus,
722 4498 886 4558 horninibus
899 4495 1071 4576 vulgaribus,
1084 4507 1114 4559 et
1126 4500 1309 4578 principibus

201 4602 249 4682 (7)
273 4588 314 4676 Β
331 4630 442 4689 purum,
457 4611 576 4690 dignum
591 4634 600 4672 ε
616 4592 654 4673 ἦ
671 4588 712 4675 Β
727 4631 787 4671 non
799 4630 911 4691 purum,
925 4631 984 4672 non
996 4612 1113 4691 dignum
1128 4613 1275 4675 estimare.

202 4717 253 4795 (8)
273 4702 311 4783 Z}
329 4698 371 4787 ᾗ
385 4726 458 4787 eirca
471 4745 532 4786 rem
545 4726 708 4788 indifferens
722 4745 791 4788 esse.
1164 4767 1172 4781 ι

243 4856 265 4897 n
1312 4844 1350 4905 76
