3554 5642
551 507 647 550 carun
667 507 785 551 mrum
798 524 839 537 -
853 509 926 550 rane
945 509 1108 554 rosumon
1405 500 1463 557 eet

195 620 296 704 scyphi
306 636 387 701 aqua
398 620 615 701 opprimeretur
625 620 713 683 onius
723 621 848 700 plaustri
864 621 1015 704 lignorum
1028 623 1120 706 ignis,
1133 640 1227 705 coque
1237 638 1296 690 non
1309 627 1462 704 restincto,

197 736 295 798 statim
311 734 463 799 diceretur
477 749 585 813 aquam
601 750 660 798 non
676 734 795 798 vincere
809 734 922 816 ignem.
946 735 1121 815 Huiusmodi
1137 745 1207 801 sunt
1218 738 1279 804 imo
1293 748 1463 819 cooperato·

197 864 243 912 res
253 864 322 912 cum
333 846 483 927 peruersis
495 862 585 927 quam
597 847 742 924 maxime;
758 855 789 911 et
798 847 887 912 etiam
903 849 1030 929 denique
1044 851 1166 917 omnino
1179 851 1327 930 jacturam
1342 850 1462 931 facient,

198 967 227 1025 et
240 966 341 1025 actum
356 961 415 1024 erit
434 956 488 1044 (l).

254 1074 304 1139 te.
330 1074 476 1139 blentsius
490 1074 530 1137 ait
549 1074 706 1155 :qunque
728 1075 831 1158 imges
852 1081 922 1139 sunt
944 1091 1108 1158 granorum
1129 1078 1248 1158 optimae
1264 1099 1272 1142 :
1290 1084 1322 1143 at
1336 1079 1361 1142 si
1376 1087 1466 1143 erunt

198 1188 374 1265 immature,
392 1203 449 1253 nec
464 1186 605 1252 valebunt
619 1194 708 1252 tenue
723 1189 862 1269 panicum
875 1189 933 1269 (2).
950 1191 996 1254 Ita
1006 1191 1104 1255 cordis
1115 1191 1210 1255 uirtus
1224 1192 1314 1256 etiam
1329 1192 1466 1257 consistit

197 1300 227 1364 in
242 1301 306 1381 ejus
321 1301 522 1366 maturatione
536 1310 565 1366 et
582 1302 625 1365 nil
640 1303 769 1382 amplius
783 1304 843 1382 (3).
1351 1380 1355 1387 ¹

253 1414 305 1479 20.
331 1415 476 1479 Mentsius
491 1416 534 1478 ait
550 1435 558 1479 :
575 1416 715 1480 Idooeus
735 1417 810 1480 alios
826 1416 965 1496 jaculari,
989 1419 1121 1498 protecto
1141 1418 1312 1484 intendebat
1331 1421 1363 1483 in
1377 1435 1467 1484 arcus
1540 1471 1544 1479 .

200 1529 362 1592 tensionem
381 1548 388 1591 :
406 1528 592 1594 addiscentes
614 1528 704 1594 etiam
724 1529 870 1594 debebant
884 1531 1038 1597 intendere
1053 1533 1084 1596 in
1100 1549 1188 1597 arcus
1203 1533 1380 1599 tensionem.
1405 1534 1465 1597 lda-

199 1658 275 1723 gnus
289 1641 397 1705 artifex
417 1641 528 1706 docens
546 1644 633 1720 alios,
656 1640 787 1723 proiecto
810 1644 904 1708 utitur
925 1645 1037 1711 circino
1051 1654 1082 1711 et
1096 1662 1218 1723 norma;
1235 1654 1266 1711 et
1280 1647 1467 1712 addiscentes

198 1755 286 1819 etiam
300 1755 410 1820 debent
423 1756 468 1819 uti
483 1755 594 1822 circino
609 1763 639 1821 et
654 1772 760 1822 norma
773 1757 834 1840 (l).

617 2004 743 2082 Peles
771 2006 1049 2085 Posudutott.
1175 2006 1177 2011 ’

255 2257 286 2319 1.
309 2255 407 2337 Regni
422 2257 478 2320 Jen
496 2251 538 2339 (5)
555 2256 665 2321 ciuium
680 2258 800 2337 quidam
821 2258 1012 2341 interrogans
1031 2258 1149 2321 blentsii
1170 2259 1348 2339 discipulum
1364 2258 1410 2323 Ou
1425 2258 1468 2323 liu

133 2336 142 2363 Χ
199 2375 243 2433 tse
257 2369 299 2432 ait
317 2388 324 2431 :
344 2369 435 2433 ritum
450 2369 529 2433 inter
543 2377 574 2434 et
588 2386 672 2434 esum
688 2370 754 2450 quis
769 2372 910 2453 gravior?
937 2370 1098 2451 Respondit
1116 2390 1123 2433 :
1142 2373 1217 2435 ritus
1232 2373 1364 2454 gravim.
1392 2373 1467 2437 don·

200 2482 321 2546 nubium
337 2482 416 2547 inter
430 2492 462 2547 et
476 2483 567 2547 ritum
585 2483 654 2564 quid
670 2484 812 2567 gradus?
835 2486 997 2565 Respondit
1014 2505 1021 2548 :
1040 2484 1116 2547 ritus
1131 2486 1263 2566 gravior.
1294 2485 1399 2550 Subdit
1416 2506 1423 2549 :
1442 2486 1469 2550 si

197 2595 280 2676 iuxta
297 2596 389 2660 ritum
404 2597 538 2673 comedo,
556 2606 628 2662 tuuc
642 2597 773 2662 esuriam
787 2604 818 2661 et
833 2598 949 2678 peribo;
967 2600 992 2661 si
1008 2613 1067 2663 non
1081 2597 1165 2675 juxta
1187 2598 1277 2662 ritum
1299 2600 1465 2676 comedam,

200 2719 270 2773 tunc
285 2709 400 2773 bubebo
416 2712 647 2787 comedendum;
665 2710 796 2775 debeone
810 2712 893 2791 sequi
904 2712 1014 2776 ritum?
1030 2711 1061 2775 Si
1071 2710 1197 2790 ipsemet
1211 2726 1379 2788 occurram,
1396 2720 1469 2776 tuno

201 2838 258 2886 non
285 2822 424 2887 obtinebo
443 2839 584 2901 uxorem3
609 2824 713 2888 sinon
733 2824 859 2903 ipsemet
879 2841 1047 2900 occurram,
1073 2830 1144 2887 tunc
1162 2824 1300 2889 obtinebo
1323 2840 1465 2899 uxorcm3

202 2934 329 3000 debeone
349 2937 476 3015 ipsemet
495 2953 652 3002 occurrere
665 2937 734 3014 (ibt
754 2935 800 3002 Ou
816 2939 857 3001 liu
873 2948 918 3002 tse
932 2955 992 3003 non
1007 2937 1103 3018 potuit
1124 2937 1303 3017 respondere
1321 2957 1329 3001 ε
1347 2947 1467 3017 postero

203 3049 246 3113 die
260 3050 345 3129 petiit
359 3049 480 3114 Tebeou
495 3051 532 3114 ad
548 3051 729 3115 monendum
744 3050 915 3129 biennium,
933 3053 983 3131 qui
997 3053 1038 3115 ait
1051 3071 1058 3114 :
1072 3051 1101 3115 in
1113 3049 1319 3130 respondendo
1334 3050 1381 3113 bis
1396 3051 1468 3130 quid

203 3162 331 3245 negotii?
348 3163 379 3226 Si
394 3163 464 3243 quin
481 3164 650 3229 consideres
664 3179 768 3229 eorum
785 3165 925 3241 radicem,
949 3166 1085 3230 conteras
1106 3179 1211 3228 eorum
1232 3163 1464 3240 extremitatem,

203 3276 377 3355 quadratum
398 3277 539 3355 pollicare
559 3277 688 3359 tigillum
709 3277 818 3357 poterit
833 3278 895 3343 deri
915 3280 1004 3342 altius
1020 3280 1110 3357 duam
1130 3276 1248 3341 excelsu
1268 3276 1464 3358 contignatio.

202 3386 312 3453 durum
328 3390 523 3469 ponderosius
543 3406 610 3454 esse
631 3407 720 3471 quum
743 3394 888 3472 plumam,
912 3392 1055 3471 numquid
1070 3390 1250 3477 intelligitur
1265 3390 1354 3453 unius
1370 3390 1467 3453 fibulae

202 3516 307 3567 aureae
321 3504 449 3568 collatae
463 3503 552 3568 unius
574 3504 700 3584 plaustri
722 3506 832 3585 plumis
853 3504 1089 3588 significatione?
1110 3503 1141 3567 Si
1155 3518 1257 3567 sumas
1272 3503 1352 3584 quod
1365 3503 1396 3566 iu
1412 3519 1467 3568 esu

201 3940 270 4002 bont
283 3940 427 4014 omittent,
441 3947 589 4017 totamque
602 3938 738 3999 amittent
750 3940 936 4001 honestatem.

238 4044 286 4122 (2)
307 4053 379 4131 Ejus
393 4050 499 4130 plautae
512 4052 641 4130 granulis
653 4061 775 4113 utuntur
787 4053 921 4114 boreales.

238 4158 284 4239 (3)
308 4141 349 4232 ᾖ
364 4143 423 4239 2,
438 4173 589 4239 maturare,
605 4164 734 4244 perfluere
748 4165 836 4226 illam.

240 4271 286 4350 (4)
305 4277 429 4357 Qnaeque
442 4295 489 4338 ars
501 4278 590 4339 habet
602 4297 655 4339 sua
668 4287 827 4358 praeeepta:
838 4300 857 4339 e
868 4279 976 4340 fortiori
989 4297 1042 4339 sua
1054 4279 1143 4343 hebet
1156 4278 1268 4340 ubertis
1285 4278 1465 4341 exercitium.

237 4384 284 4465 (5)
304 4391 392 4453 Nunc
406 4392 459 4452 Tsi
470 4392 543 4470 ning
557 4392 659 4452 tuheou
673 4389 685 4458 i
693 4365 736 4454 fl
748 4368 793 4458 ff
811 4367 871 4462 Η)
883 4393 913 4451 in
929 4390 1012 4452 Chen
1026 4400 1105 4472 teng.

236 4496 286 4580 (6)
303 4505 399 4567 dexte
411 4506 498 4567 ritum
511 4505 668 4579 oomedere,
681 4513 715 4565 ut
727 4527 755 4569 r.
766 4526 795 4584 g.
808 4526 868 4566 non
876 4505 1022 4566 comedere
1034 4506 1149 4584 quando
1163 4504 1324 4584 hospitator
1335 4526 1395 4567 non
1408 4478 1468 4569 ser2

198 4629 246 4681 rat
259 4620 438 4702 prescriptae
451 4619 560 4679 libandi
573 4619 700 4697 aliusque
713 4620 834 4698 regulus.
855 4620 1015 4699 Ipsummet
1029 4638 1180 4691 occurrere,
1194 4627 1239 4679 eet
1253 4638 1386 4699 sponsam
1400 4640 1465 4681 oum

197 4736 309 4817 mugnis
322 4752 394 4796 sune
406 4752 519 4814 pompeo
540 4732 674 4813 impensis
694 4733 811 4794 doenum
831 4732 973 4807 deducere,
988 4733 1063 4811 quod
1076 4733 1192 4813 pauperi
1206 4741 1250 4793 est
1264 4741 1328 4792 ectu
1340 4732 1465 4793 difficile
