3672 5690
753 535 857 578 masna
877 535 1012 579 somuura
1455 520 1510 580 ltt

247 646 400 731 dumosae
429 648 590 713 terminum
618 647 751 724 sistendi,
778 653 810 712 et
837 654 908 712 tuuc
933 644 1056 712 habebis
1083 648 1152 728 quid
1179 648 1408 713 determinatum
1432 642 1507 732 (liz

247 762 474 838 determinator,
500 766 530 826 ct
553 766 623 825 tanc
647 762 758 840 poteris
783 761 988 840 tranquillari3
1020 762 1233 841 tranquillans,
1259 768 1290 826 et
1305 769 1375 825 tunc
1399 762 1510 841 poteris

246 873 477 955 conquiescam
510 874 696 955 conquiesce,
722 882 753 939 et
767 880 837 939 tuuc
859 875 970 956 poteris
994 875 1090 939 media
1115 876 1316 954 perpendere3
1348 875 1507 954 perpende,

246 995 276 1052 et
285 995 355 1053 tunc
369 988 484 1067 potaris
498 986 615 1067 assequi
631 986 791 1052 terminum
808 985 862 1072 (2).
885 989 943 1052 lles
958 987 1068 1053 habent
1081 988 1243 1068 principale
1257 993 1287 1052 ct
1300 988 1508 1054 secundarium

248 1097 308 1185 (3);
330 1101 467 1166 acdones
490 1101 601 1165 habent
625 1100 713 1165 linem
727 1108 757 1165 et
781 1099 957 1181 principium
975 1098 1017 1184 (4)
1039 1120 1047 1165 :
1068 1100 1142 1166 seito
1156 1101 1236 1181 pund
1260 1100 1509 1180 praemittendum

246 1214 533 1295 postponendumre,
558 1213 680 1295 iamque
704 1213 886 1295 propinquas
908 1215 1119 1295 perfectionem
1146 1210 1201 1298 (5).
1228 1212 1351 1293 annoni
1374 1215 1509 1278 uolentes

245 1328 375 1407 expolire
390 1327 565 1392 rationalem
581 1328 753 1392 facultatem
766 1329 797 1391 in
811 1328 947 1407 imperio,
967 1329 1050 1408 prius
1064 1336 1143 1392 recte
1159 1326 1407 1391 administrabant
1420 1343 1508 1390 suum

246 1456 372 1523 reguum
389 1438 432 1526 (θ)
447 1459 456 1517 ;
474 1442 609 1506 volantes
623 1448 702 1506 recte
718 1441 928 1506 administrare
948 1458 1038 1505 suum
1062 1457 1201 1523 regnum,
1227 1441 1309 1521 prius
1331 1440 1509 1505 ordinabant

246 1714 454 1777 adversat-iram
471 1717 595 1793 quamuis
608 1714 762 1794 :specialia
783 1726 880 1776 autom
894 1726 961 1778 sunt
973 1712 1023 1776 illa
1043 1692 1077 1776 Ε
1096 1690 1136 1769 iffi
1151 1714 1246 1775 desine
1256 1711 1327 1792 jam,
1348 1688 1389 1768 iffi
1407 1696 1449 1776 ’ἦ
1466 1689 1506 1769 ᾖ

250 1807 288 1894 ffi
302 1839 332 1889 et
345 1848 421 1889 nunc
435 1839 464 1889 et
477 1838 584 1908 postea.
598 1865 640 1876 -
654 1827 797 1907 Imprimis
811 1849 877 1889 vcro
890 1840 960 1888 nota
975 1830 1190 1889 translationem
1204 1827 1283 1887 illam
1296 1827 1326 1886 in
1341 1826 1508 1885 confusione

247 1943 392 2004 verboram
417 1943 550 2020 positam,
576 1914 619 2003 fi
636 1917 744 2022 proffi
769 1960 777 2002 t
799 1941 925 2003 solemne
949 1943 1024 2002 enim
1052 1942 1128 2003 Sinis
1149 1950 1193 2001 est
1208 1941 1239 1999 in
1259 1936 1382 2018 pluribus
1404 1937 1506 1998 litteris

247 2053 363 2115 alteram
378 2074 428 2132 pro
453 2055 545 2115 altera
560 2054 702 2128 adhibere,
726 2064 758 2115 ut
771 2056 801 2114 in
825 2055 943 2116 adverso
966 2055 1053 2115 etiam
1068 2074 1165 2115 rocam
1194 2061 1378 2131 syntagmate
1401 2051 1506 2129 passim

247 2169 299 2228 erit
313 2169 414 2229 videre.
1507 2216 1514 2230 ,

286 2272 330 2351 (2)
348 2282 441 2342 Juvat
455 2280 539 2341 Sinas
556 2283 688 2361 molatio
700 2281 738 2341 ab
751 2280 818 2360 ipsis
832 2250 872 2341 i!
890 2257 929 2345 ἲ(
944 2278 1089 2360 appellata
1101 2304 1109 2341 ε
1121 2276 1299 2341 luculentum
1313 2276 1398 2356 hujus
1409 2277 1506 2357 flgmae

248 2392 293 2453 laic
306 2394 394 2455 habos
408 2392 578 2473 exemplam,
596 2397 670 2473 quod
682 2396 857 2473 exploratius
873 2395 993 2455 altarum
1007 2412 1076 2453 mox
1089 2394 1217 2473 excipiet„
1508 2446 1514 2458 .

287 2499 330 2577 (3)
350 2505 402 2568 Uti
417 2507 500 2566 arbor
522 2506 646 2568 radicem
663 2488 704 2568 ss
717 2517 747 2567 et
759 2524 854 2569 ramos
869 2478 919 2571 ἦ.
941 2508 1021 2567 Nota
1034 2508 1063 2566 in
1078 2505 1179 2586 duplici
1205 2506 1342 2569 uocabulo
1358 2504 1506 2583 metapho-

249 2638 307 2707 ram
321 2644 328 2677 a
342 2621 393 2681 sed
409 2629 438 2680 et
458 2617 526 2680 illud
549 2630 628 2695 truta,
652 2621 693 2681 nil
718 2621 794 2681 Sinis
818 2620 960 2690 usitatius,
983 2640 1070 2697 quam
1093 2621 1307 2700 conjunctiones
1330 2616 1506 2697 copulativas

249 2735 427 2812 supprimere.
462 2734 527 2812 Ego
550 2754 616 2794 aero
642 2735 706 2795 illas
733 2731 862 2812 supplere
886 2753 943 2792 non
968 2735 1109 2807 omittam,
1134 2754 1172 2793 ne
1197 2735 1342 2793 obstructa
1369 2732 1508 2792 haerescat

249 2848 347 2919 oratic,
361 2866 425 2906 cum
440 2848 595 2924 praesertim
611 2848 669 2908 tale
682 2849 719 2907 sit
732 2848 966 2920 additamentum,
987 2847 1064 2923 quod
1077 2847 1173 2907 oculos
1186 2844 1267 2907 fallet
1280 2846 1393 2906 nulliras.
1507 2902 1513 2913 ,

285 2951 330 3029 (4)
350 2959 398 3020 Sic
413 2956 542 3038 porilem
561 2980 591 3021 sc
604 2970 648 3022 est
660 2959 821 3040 principale,
846 2979 981 3019 renovare
996 2959 1066 3020 alios
1079 2980 1145 3021 vcro
1168 2960 1366 3021 secumdarium
1380 2980 1388 3018 a
1401 2978 1507 3036 cogno·

248 3091 321 3132 scere
335 3074 489 3134 terminum
502 3083 546 3134 est
558 3074 736 3153 principium,
752 3074 863 3150 assequi
877 3073 1002 3134 cattinis.

285 3177 329 3255 (5)
350 3165 391 3249 iii
404 3196 448 3247 est
471 3206 627 3267 pronomen
650 3185 809 3258 relativum,
832 3187 882 3247 sed
900 3206 959 3246 non
979 3187 1130 3247 adhibetur
1150 3184 1205 3246 nisi
1218 3196 1252 3246 ut
1274 3186 1402 3263 regimen
1427 3182 1506 3246 verbi

248 3300 341 3372 activi,
359 3299 530 3378 poniturque
542 3302 617 3360 iuter
628 3299 788 3378 subjectum
805 3300 889 3369 verbi,
904 3301 928 3359 si
941 3309 993 3372 esrt7
1018 3310 1048 3360 ct
1061 3301 1176 3361 verbnm
1192 3301 1301 3378 ipsum3
1319 3319 1346 3360 v.
1361 3318 1388 3377 g.
1406 3278 1447 3362 ἃ
1464 3277 1506 3359 iii

248 3391 289 3475 ἢ
304 3412 381 3489 quod
402 3432 455 3490 ego
476 3415 541 3474 diem
563 3434 571 3473 a
595 3423 670 3473 certe
693 3414 809 3473 verbum
832 3413 989 3491 praecedere
1010 3413 1102 3486 debet,
1126 3413 1203 3473 utin
1226 3420 1319 3487 textus,
1342 3416 1409 3474 scr'tc
1431 3413 1509 3490 qaod

243 3527 396 3602 promittas
409 3529 514 3603 quodne
523 3537 680 3604 postponas,
700 3535 730 3587 et
743 3543 891 3602 nunquam
913 3535 1066 3604 usurpatur
1077 3526 1120 3585 uti
1133 3525 1211 3587 verbi
1234 3525 1318 3586 activi
1336 3527 1504 3603 subjectum.

248 3611 289 3695 ff
312 3614 398 3702 stffi
418 3648 484 3700 sunt
505 3640 662 3718 manuatim
683 3639 893 3718 praepositioues
906 3648 958 3698 sut
971 3639 1123 3717 adverbia3
1144 3640 1256 3699 sedhic
1269 3649 1336 3700 sunt
1350 3639 1443 3700 rerba.
1463 3671 1506 3685 -

252 3731 298 3825 fii,
325 3760 464 3830 quatenos
488 3751 610 3831 simplex
634 3753 781 3832 particula,
809 3760 850 3812 cst
882 3752 1000 3826 illatiaa,
1019 3764 1092 3826 atne,
1114 3736 1208 3831 ipit-cir,
1233 3761 1262 3814 et
1286 3753 1393 3812 indicat
1414 3769 1511 3823 unum

248 3863 285 3925 ab
296 3866 386 3926 altero
400 3845 529 3925 defluere.
549 3897 591 3912 -
616 3863 763 3925 Particula
779 3839 875 3928 Rasa
889 3886 967 3926 mera
982 3863 1081 3927 finalia

285 3969 332 4048 (6)
352 3952 393 4035 ἶ
407 3996 466 4038 uon
481 3979 566 4038 modo
579 3989 622 4040 est
635 3988 705 4039 uota
724 3976 844 4058 genitivi
865 3978 909 4038 rel
922 3980 1054 4057 atijectivi
1067 3990 1097 4039 et
1110 3981 1232 4060 passiri3
1247 3977 1406 4053 sedetiam,
1428 3977 1506 4056 quoti

248 4090 383 4170 imprimis
397 4091 444 4151 hic
458 4093 615 4152 notandum
629 4093 795 4171 peditumque
816 4093 959 4152 memoriae
980 4092 1184 4167 mandandum,
1198 4095 1326 4170 sequitur
1337 4093 1442 4170 passim
1455 4112 1507 4151 uo-
1563 4077 1565 4081 ¹

247 4203 424 4278 minaticum,
439 4215 469 4264 ct
482 4213 528 4265 est
548 4205 694 4283 articulum
716 4206 775 4265 sive
798 4207 990 4267 nominativus
1009 4206 1048 4266 sit
1068 4206 1199 4286 simplex,
1215 4180 1255 4268 ’ὅ
1271 4183 1310 4264 2
1327 4209 1366 4264 les
1385 4206 1505 4276 mens,

251 4292 286 4368 Ᾱ
305 4294 343 4377 Ζ
361 4318 504 4391 Μυκη
527 4319 586 4378 sive
599 4323 637 4378 sit
650 4318 828 4398 compositus,
847 4299 885 4383 ἦ
906 4291 941 4368 θ
959 4294 997 4375 2
1014 4318 1078 4378 coeli
1092 4338 1219 4398 numen3
1244 4321 1302 4382 sive
1315 4318 1506 4397 participium,

248 4408 289 4495 ἃ
307 4406 396 4491 32
411 4432 580 4509 studentem
601 4433 661 4492 sire
673 4432 852 4512 participium
874 4449 939 4493 cam
952 4449 1003 4493 suo
1015 4434 1162 4511 regimine,
1191 4411 1231 4499 Ξ
1247 4407 1287 4491 2
1308 4408 1345 4491 ἦ
1361 4405 1400 4488 2
1416 4431 1508 4490 domi·

248 4563 317 4607 nans
328 4544 387 4623 his3
404 4546 466 4606 sive
478 4547 568 4605 etiam
579 4564 744 4624 pronomen,
760 4521 801 4609 iii
817 4521 930 4607 Zhoc
944 4579 986 4593 -
999 4545 1148 4625 Hincjam
1161 4555 1251 4624 patet,
1261 4544 1431 4624 particulam
1448 4519 1508 4617 ἲ,

247 4660 335 4720 verbis
345 4658 490 4738 junctam,
503 4659 639 4720 denotare
649 4660 828 4738 participium
838 4660 906 4720 :aad
914 4659 1078 4719 illudetiam
1087 4668 1190 4720 notatu
1199 4679 1287 4737 quam
1294 4658 1372 4736 quod
1379 4656 1507 4717 maximo

246 4772 361 4852 dignum
375 4781 432 4849 cst,
446 4772 486 4834 ab
499 4792 534 4833 ea
547 4772 694 4834 terminari
706 4772 832 4854 phrasim
845 4773 1025 4846 incidentem,
1039 4783 1072 4833 ut
1083 4771 1172 4834 habos
1183 4773 1216 4833 in
1228 4780 1313 4833 textu
1339 4767 1511 4849 luculentas·
