3556 5664
499 533 596 577 carun
615 531 912 576 speonnam-rana
933 531 1096 575 rosumron
1374 513 1433 577 443

166 647 356 729 impugnari:
370 661 429 729 ego
444 646 580 726 respondi
595 645 650 725 ipsi
667 645 768 709 diceus
783 662 870 725 posse
883 666 890 709 :
903 646 966 725 ipse
976 646 1019 710 sic
1029 646 1130 709 statim
1144 644 1332 729 impugnavit
1345 645 1429 711 illud.

166 760 230 840 lpse
245 760 271 822 si
285 760 412 824 dixisset
428 779 436 823 ε
454 760 520 838 quis
534 765 632 838 potest
646 758 823 841 impugnare
838 759 932 823 illud?
953 767 1024 822 ωηο
1039 758 1160 823 luisscm
1175 759 1219 822 illi
1235 774 1434 839 responsurus

165 872 264 938 dicens
279 892 287 936 ι
304 873 356 952 qui
372 879 418 937 est
434 873 499 936 coeli
516 872 644 954 legatus,
663 872 689 934 is
704 873 813 950 poterit
827 874 971 951 impetere
986 871 1069 936 illud.
1094 873 1137 935 Εη
1153 872 1261 951 aliquis
1276 871 1435 937 interliciat

166 986 270 1061 alium;
289 986 314 1048 si
330 986 398 1065 quis
412 985 577 1066 interroget
593 986 650 1049 boc
665 985 766 1049 dicens
780 985 826 1048 :is
841 985 930 1049 bomo
946 991 1081 1064 potestne
1096 985 1209 1049 occidit
1226 992 1296 1049 tunc
1312 1001 1433 1065 respon·

165 1099 238 1163 debe
252 1099 310 1179 ipsi
327 1118 335 1162 ε
353 1105 461 1178 potest.
484 1098 539 1162 llle
554 1098 579 1161 si
594 1099 673 1163 dicat
690 1116 698 1160 ε
716 1100 783 1178 quis
797 1104 896 1178 potest
910 1099 1044 1162 occidere
1059 1104 1148 1162 euml
1164 1105 1235 1163 ωηο
1250 1097 1434 1178 respondebo

164 1211 244 1292 ipsi:
262 1211 314 1292 qui
336 1218 382 1277 est
401 1212 524 1293 iustitia
548 1227 670 1291 praeses,
687 1211 714 1274 is
729 1218 827 1291 potest
850 1211 984 1276 occidere
1008 1227 1088 1275 eum.
1117 1212 1290 1288 lumpero,
1313 1218 1345 1275 ut
1367 1212 1434 1276 Υοη

166 1324 289 1405 impetat
304 1326 383 1402 Yen,
401 1326 438 1389 ad
454 1324 524 1405 quid
540 1324 700 1389 suasissem
716 1326 796 1389 boot

220 1437 252 1502 9.
276 1439 343 1503 Yen
358 1440 439 1503 cives
462 1437 659 1514 rebellarunt;
677 1454 729 1502 rex
744 1421 813 1503 ait:
830 1456 878 1504 me
894 1439 979 1503 valde
995 1439 1086 1518 pudet
1099 1454 1200 1502 coram
1216 1439 1353 1503 ldeutsio.
1376 1438 1433 1502 To·

164 1553 273 1631 parcba
288 1552 406 1617 T‘cbeu
418 1552 464 1615 luia
476 1551 569 1615 dixit:
584 1567 636 1615 rex
646 1568 683 1616 ne
693 1559 833 1634 angatur.
853 1554 916 1617 Rex
927 1553 1057 1632 seipsum
1074 1558 1216 1630 reputans
1229 1568 1297 1616 cum
1312 1553 1434 1617 Tobeou

164 1665 253 1741 Duce,
270 1666 339 1744 quis
354 1667 514 1729 humanior
527 1671 616 1744 atque
631 1665 824 1744 prudentior?
845 1668 908 1731 Rex
922 1666 965 1730 ait
982 1687 989 1728 :
1008 1665 1078 1729 bui!
1096 1664 1166 1745 quid
1181 1665 1258 1730 istuc
1273 1664 1433 1730 verborum

164 1783 226 1843 esti
246 1779 365 1843 T‘cben
381 1778 428 1842 lia
444 1778 599 1862 subiungit
611 1797 619 1840 :
632 1778 752 1843 Tebeou
768 1780 832 1842 llux
848 1779 929 1843 misit
943 1780 1027 1844 liban
1043 1781 1121 1843 ebou
1135 1778 1293 1861 invigilare
1303 1779 1350 1842 Υη
1364 1774 1407 1862 (1)
1421 1796 1430 1841 :

163 1894 246 1957 lloau
261 1893 341 1957 cbou
356 1908 425 1957 cum
442 1892 488 1956 Yn
505 1891 669 1957 rebellavit.
703 1892 733 1955 Si
749 1894 882 1972 praevidit
898 1899 929 1956 et
943 1892 1025 1956 misit
1045 1892 1143 1967 illum,
1160 1892 1201 1955 ila
1217 1907 1276 1956 nou
1297 1892 1364 1972 pius
1381 1911 1388 1955 :
1406 1890 1433 1954 si

164 2021 221 2070 nou
232 2005 367 2085 previdit
377 2012 408 2069 et
418 2006 499 2069 misit
508 2005 605 2082 illum,
617 2005 658 2068 ita
669 2021 728 2069 non
740 2007 881 2085 prudens.
900 2006 1042 2070 Pietatem
1054 2012 1083 2070 et
1094 2005 1293 2085 prudentiam,
1310 2006 1432 2070 Tobeou

164 2119 226 2182 ltux
241 2118 370 2183 necdum
385 2134 437 2182 eas
452 2119 588 2184 exhausit
604 2139 611 2182 :
629 2124 740 2199 quanto
756 2134 829 2201 ergo
844 2119 942 2203 magis
956 2119 981 2182 si
995 2119 1031 2183 de
1047 2135 1117 2201 rege
1133 2124 1262 2201 agatur?
1282 2120 1346 2200 Ego
1362 2118 1429 2193 iiia,

164 2248 273 2312 quase,
300 2232 427 2296 invisam
450 2238 483 2295 ut
504 2233 657 2311 expediam
683 2248 746 2296 rem
770 2229 823 2316 (2).
858 2232 993 2297 invisens
1018 2232 1177 2296 blentsium
1201 2231 1428 2315 interrogarit:

163 2346 282 2410 'lebeou
305 2347 372 2410 Dux
393 2346 490 2426 qualis
511 2346 577 2409 virt
607 2345 793 2425 Respondit:
811 2346 997 2427 antiquitatis
1021 2355 1143 2410 sanctus
1163 2345 1220 2409 uir.
1252 2344 1326 2409 nit:
1351 2346 1432 2410 misit

162 2459 245 2524 lioau
270 2461 351 2524 cbou
373 2460 410 2523 ad
431 2459 648 2542 invigilandum
670 2459 737 2535 Yn;
761 2460 846 2524 Koau
871 2462 948 2525 cbou
970 2476 1038 2525 cum
1061 2459 1109 2522 Yn
1133 2458 1288 2523 rebellavit
1311 2479 1319 2522 :
1346 2466 1431 2523 estne

163 2578 286 2636 rerum?
312 2572 475 2653 Respondit
493 2592 500 2635 :
519 2573 631 2652 utique.
659 2571 708 2636 dit
725 2592 732 2635 :
751 2573 871 2637 cheou
888 2573 951 2636 ltux
967 2572 1079 2637 sciebat
1092 2571 1178 2635 illum
1193 2572 1428 2663 ‘rebellaturum,

163 2692 306 2750 ettamen
322 2685 406 2749 misit
426 2687 524 2763 illurn,
548 2691 666 2750 nonne?
687 2686 849 2764 Respondit
872 2705 880 2749 t
905 2685 1063 2750 nesciebat.
1082 2686 1222 2768 —Ergo
1244 2691 1365 2749 sanctus
1383 2686 1430 2749 vir

163 2798 250 2862 etiam
275 2799 381 2863 babuit
402 2804 556 2864 errorem?
584 2799 770 2878 Respondit:
789 2798 910 2865 'lebeou
930 2801 995 2862 llux
1014 2799 1107 2863 irater
1128 2798 1225 2862 minor
1245 2804 1321 2875 erat,
1344 2799 1429 2863 Koan

163 2912 237 2977 cbou
250 2913 345 2977 irater
359 2913 466 2992 major,
484 2913 605 2977 Tebeou
620 2912 708 2976 lluois
718 2928 803 2976 error
812 2928 911 2977 nonne
925 2913 1043 2992 quidem
1056 2911 1236 2977 conveniens
1245 2917 1329 2975 erat?
1344 2912 1428 2976 Insu-

163 3040 214 3104 per
227 3025 415 3105 antiquitatis
429 3026 578 3105 sapientes
592 3025 670 3104 quod
686 3024 834 3103 errabant,
855 3026 955 3089 statim
971 3023 1161 3107 corrigebant
1175 3024 1249 3088 illud
1266 3044 1273 3087 ε
1295 3024 1429 3089 bodierni

163 3138 310 3219 principes
320 3140 344 3202 si
356 3139 546 3203 committunt
560 3155 705 3213 errorem,
720 3138 821 3202 statim
837 3139 1040 3218 obsequuntur
1050 3138 1088 3202 ei.
1106 3136 1298 3218 Antiquitatis
1313 3138 1428 3216 sapien·

163 3258 207 3315 les
222 3250 253 3315 in
264 3267 320 3317 suo
330 3253 448 3317 delectu
463 3253 576 3316 similes
590 3258 677 3316 erant
689 3252 761 3316 solis
772 3253 818 3317 vel
830 3253 907 3315 lunae
921 3252 1024 3332 eclipsi
1037 3272 1044 3314 :
1057 3252 1184 3332 populus
1199 3251 1297 3314 omnis
1311 3251 1429 3315 videbat

163 3381 240 3443 rem;
258 3374 353 3446 utque
369 3366 425 3446 ipsi
442 3365 688 3442 emendabantur,
705 3368 832 3445 populus
847 3366 944 3430 ornuis
959 3364 1138 3444 suspiciebat
1148 3380 1200 3428 eos
1212 3366 1268 3437 (3).
1287 3364 1429 3428 llodiemi

162 3478 309 3558 sapientes
325 3495 386 3545 nou
402 3479 489 3544 modo
509 3479 609 3543 lovem
623 3477 733 3559 ipsum,
751 3479 906 3544 sedetiam
922 3482 1135 3559 prosequentes
1154 3476 1266 3542 iaciunt
1280 3477 1324 3541 ilb
1339 3493 1427 3542 excu-

163 3592 291 3658 sationes
306 3592 365 3676 (4).

199 3954 243 4031 (1)
263 3963 310 4026 Ou
324 3984 388 4038 rex,
403 3965 450 4027 Ou
464 3965 550 4045 lxeug,
565 3964 652 4026 iiiinm
666 3964 777 4045 expulsi
787 3965 972 4046 imperatoris,
982 3972 1128 4028 creaverat
1137 3963 1220 4043 regni
1229 3964 1277 4025 Yn
1286 3962 1426 4042 regulum.

161 4076 229 4136 Mox
243 4077 364 4139 Tcheou
379 4080 446 4140 Dux
460 4081 579 4141 vicarius
593 4081 683 4141 totius
695 4080 806 4159 imperii
820 4078 1040 4152 administrator,
1051 4079 1129 4140 misit
1138 4078 1206 4138 illuc
1216 4077 1333 4140 fratrem
1345 4046 1434 4139 snum!

160 4200 230 4249 natu
243 4193 385 4273 majorem
408 4193 495 4254 Koan
515 4192 599 4268 chon,
613 4201 647 4253 ut
660 4211 767 4254 norum
788 4193 920 4272 regulum
940 4193 1103 4255 observaret
1116 4201 1145 4254 et
1157 4210 1247 4270 regno
1260 4189 1309 4250 Yn
1322 4191 1426 4271 invigi-

159 4298 239 4364 lares

199 4410 245 4483 (2)
264 4418 386 4480 Diluam
399 4420 474 4500 regis
487 4420 632 4502 pudorem.

198 4520 244 4603 (8)
264 4532 452 4602 Intemerato,
470 4543 534 4613 post
548 4532 682 4613 eclipsim,
695 4532 812 4596 iumine.

198 4636 243 4714 (a)
262 4646 345 4707 uon
367 4646 439 4708 mnu
461 4629 503 4711 fi
523 4622 565 4707 R
585 4645 633 4725 qo
654 4659 768 4723 ranam,
793 4668 857 4710 eum
880 4624 919 4708 a
941 4649 995 4707 amo
1017 4651 1106 4709 osam.
1139 4644 1274 4709 cedrum
1297 4644 1368 4707 urm
1381 4626 1422 4709 R

161 4776 233 4839 saepe
246 4769 344 4841 potest
356 4780 407 4841 per
419 4760 574 4843 simplicem
590 4762 774 4840 negationem
789 4760 994 4844 plantassent
1332 4790 1334 4794 ⁴
