3574 5666
568 533 599 576 m
619 532 857 577 unumcamoauu
876 534 998 577 annania
1019 535 1140 580 cannen
1430 518 1488 580 mr

226 645 393 727 strenuique
407 646 510 711 herois
524 646 652 724 animus,
669 653 758 710 natus
772 645 903 725 proiecto
921 647 1052 711 fidelitati
1080 647 1240 728 pietatique
1253 646 1459 727 adimplendae
1476 667 1484 711 :

225 776 315 842 agens
338 758 553 842 magistratum
579 767 695 839 oportet
718 767 859 841 assurgat
881 759 1028 836 minister,
1057 760 1235 842 subiensque
1263 762 1374 843 gradus
1400 762 1487 826 debet

224 879 390 953 competere
417 872 542 953 primas.
564 875 668 954 (Fessa
692 903 753 960 qam
775 873 945 959 equanam)
973 874 1086 937 Palatia
1113 877 1198 938 aulae
1226 875 1344 939 excelso
1366 875 1486 957 fastigio

224 986 364 1062 eminent,
391 986 509 1050 riamm
524 986 651 1066 compita
676 986 812 1051 certatim
828 994 935 1050 ornatu
958 987 1133 1067 splendent;
1157 988 1294 1067 princeps
1308 995 1338 1052 et
1351 988 1486 1052 subditus

223 1115 303 1164 nuuc
315 1099 403 1163 simul
423 1107 626 1165 moveuemnt
641 1096 697 1184 (l),
723 1105 854 1165 remotae
868 1100 1052 1180 antiquitatis
1077 1116 1183 1183 regum
1200 1102 1314 1165 diceres
1327 1101 1483 1164 familiam.

224 1212 263 1276 Ut
276 1214 320 1278 sol
342 1220 374 1279 et
387 1215 459 1277 luna
482 1213 638 1294 splendent
661 1213 762 1295 regiae
785 1213 922 1291 mrtutes,
948 1220 1112 1278 utmontes
1126 1220 1156 1278 et
1170 1214 1252 1278 durii
1276 1213 1408 1294 superbit
1429 1213 1484 1277 im·

222 1326 368 1421 paraturis
392 1326 559 1391 habitatio:
576 1340 693 1391 summa
717 1342 801 1406 pace,
827 1326 985 1407 deestque
1006 1328 1120 1409 gratias
1144 1327 1264 1406 babeat,
1290 1327 1355 1391 vult
1378 1326 1486 1392 adema

222 1440 344 1504 laudum
359 1447 390 1504 et
403 1441 537 1505 omioaun
553 1441 698 1504 libellum.

264 1539 297 1617 d?
317 1554 461 1617 Diuturna
485 1554 603 1618 siccitas
626 1562 712 1617 nacta
726 1558 773 1618 est
789 1553 907 1619 dulcem
931 1555 1074 1634 pluriam,
1101 1554 1226 1633 aliisque
1251 1553 1339 1619 terris
1363 1552 1486 1619 odendit

221 1666 360 1746 antiquos
382 1667 513 1743 amicos;
542 1667 655 1730 intimis
681 1666 804 1731 aedibus
832 1667 913 1732 dorai
936 1669 1014 1733 cerei
1036 1683 1097 1732 nox
1122 1664 1178 1752 (2),
1205 1672 1263 1745 est,
1288 1683 1347 1748 quo
1375 1682 1485 1732 aureus

220 1779 827 1860 wmmffimmmmamms

262 1878 295 1956 7?
315 1898 328 1974 (
344 1893 418 1968 Ver)
438 1894 549 1958 Terrae
562 1893 647 1959 vanis
660 1909 770 1957 vernus
784 1896 892 1957 bumor
907 1901 1055 1967 moretur,
1080 1894 1215 1974 lenisque
1228 1894 1311 1957 virm
1325 1900 1386 1959 tota
1397 1909 1482 1958 oons-

220 2005 337 2085 picione
360 2013 488 2072 noratur
504 2026 511 2070 :
529 2006 580 2072 ille
594 2006 682 2087 pruni
701 2022 802 2070 ramus
817 2007 929 2086 rumpit
952 2007 1107 2071 decembre
1122 2009 1204 2090 gelu,
1231 2013 1352 2087 totaque
1374 2013 1483 2071 natura

219 2120 333 2183 sensim
343 2120 442 2202 vergit
455 2121 559 2184 inrer.
578 2119 682 2184 Satiris
692 2121 791 2184 colore
804 2120 973 2197 invadente,
990 2121 1081 2183 vestis
1091 2121 1235 2185 vindatur
1248 2117 1304 2204 (3),
1317 2119 1483 2200 persioiqne

220 2231 294 2298 dore
309 2234 490 2311 reflectente,
513 2233 615 2296 vinmu
640 2233 770 2297 rubescit
804 2252 812 2296 :
846 2234 929 2316 regia
956 2233 1030 2298 urbe
1049 2249 1126 2317 vage
1146 2233 1309 2313 spatiantes
1333 2234 1398 2298 beri
1422 2230 1480 2318 (4),

219 2346 352 2427 quotidie
374 2347 560 2411 inebriantur
572 2334 609 2410 ad
622 2361 746 2411 vernam
770 2362 886 2410 aumm.
910 2347 1023 2412 Paucas
1038 2354 1140 2429 gantas
1154 2349 1258 2428 pluent
1269 2346 1331 2427 jam
1350 2347 1482 2427 reliquae

218 2460 351 2541 pluviae,
373 2460 468 2524 etrix
488 2461 545 2524 erit
568 2460 744 2543 trigidamm
768 2461 877 2540 dapum
902 2460 999 2541 trignra
1021 2457 1085 2544 (5);
1107 2467 1138 2524 et
1161 2462 1278 2525 maleae
1301 2461 1482 2543 gemmantis

218 2574 333 2650 locum,
350 2574 516 2655 sanguinea
540 2573 664 2638 lacrima
687 2572 818 2638 illiniens
841 2572 929 2638 efficit
952 2572 1119 2638 rubentem.
1143 2574 1203 2639 Ver
1226 2574 1377 2656 attingens
1401 2589 1480 2638 sere·

218 2686 324 2750 nitatis
346 2695 476 2766 tempus,
492 2688 650 2766 pulchrum
664 2694 721 2763 est,
747 2687 913 2766 sudemque
936 2687 1045 2750 omium
1066 2686 1226 2768 variegatis
1243 2687 1329 2751 cirris
1347 2688 1478 2766 crispat:

218 2800 380 2880 quotannis
394 2816 448 2881 per
470 2799 550 2864 istud
577 2806 706 2881 tempus,
739 2815 798 2880 qua
825 2814 915 2865 causa
941 2798 1052 2864 imbres
1078 2807 1139 2863 tam
1167 2799 1259 2864 effuse
1285 2801 1416 2865 cadunt?
1435 2831 1483 2849 -

260 3280 308 3369 (1)
326 3290 423 3351 Nubes
434 3289 564 3366 sequitur
575 3287 737 3361 draconem,
749 3293 857 3348 rentur
869 3282 994 3364 seqnitur
1007 3286 1112 3365 tigrim,
1127 3289 1169 3347 ait
1181 3286 1376 3347 Mutationem
1388 3287 1459 3348 liber
1473 3310 1481 3348 a

218 3405 291 3466 hino
302 3404 392 3465 nubea
405 3412 436 3464 at
449 3411 550 3463 sentus
574 3402 770 3481 imperatorem
794 3396 1012 3478 ministrumque
1034 3400 1195 3479 designant,
1216 3418 1334 3477 qnorum
1351 3400 1437 3461 draco
1451 3409 1482 3462 et

218 3518 305 3597 tigris
318 3526 384 3578 aunt
397 3515 577 3577 emblemata.

263 3620 308 3704 (2)
327 3630 502 3710 Nuptiarum
524 3636 620 3703 nocta,
642 3622 725 3689 mirra
738 3626 859 3688 candela
878 3626 1002 3688 draccum
1020 3635 1050 3687 et
1063 3623 1193 3706 phoenice
1215 3625 1366 3706 picturata,
1388 3625 1482 3689 infixis

219 3744 339 3805 floribus
352 3743 517 3805 ornabatur.

262 3848 309 3928 (3)
330 3854 424 3917 Vestia
436 3856 655 3930 transeuntium,
670 3854 894 3934 compotantium
908 3850 1015 3913 rinrrm.

264 3961 310 4038 (4)
328 3969 451 4048 Tchang
467 3989 546 4047 ngan
568 3977 630 4029 erat
654 3968 734 4047 regia
755 3960 918 4046 metropolis
935 3967 988 4028 sub
1011 3967 1144 4045 dynastia
1167 3966 1238 4028 Han
1258 3965 1435 4042 occidentali,
1449 3968 1482 4029 in

220 4100 347 4163 prauam
360 4060 402 4141 Ε
416 4057 515 4147 ult.

263 4187 308 4268 (5)
331 4175 372 4260 Ξ
389 4171 439 4271 Ῐ,
460 4216 510 4257 acu
523 4178 565 4258 ξ
583 4170 624 4257 m
639 4171 690 4270 ἢ,
713 4210 817 4274 nempe
838 4202 895 4253 tres
908 4193 967 4254 dies
980 4201 1048 4254 ante
1069 4181 1171 4272 T‘sing
1190 4171 1326 4272 mingifi
1343 4173 1393 4267 Ἣ,
1416 4214 1481 4255 mm

219 4310 321 4389 frigidi
343 4309 399 4370 cibi
422 4309 675 4371 manducabantur.
704 4302 774 4368 Fuit
796 4307 873 4368 enim
896 4308 963 4367 olim
987 4306 1102 4384 regulus
1119 4282 1158 4368 ἓ
1176 4283 1216 4373 3(
1231 4286 1283 4382 di,
1306 4308 1364 4385 qui,
1390 4315 1424 4366 ut
1436 4308 1481 4368 fu·

219 4424 350 4503 gieutcm
363 4423 524 4502 praeteomm
540 4397 579 4485 ii
597 4398 636 4481 Ζ
654 4400 695 4485 ff
710 4427 896 4500 recuperaret,
909 4420 1001 4480 monti
1013 4421 1110 4498 iguem
1123 4422 1257 4501 ingessit3
1274 4420 1324 4481 aed
1335 4420 1481 4499 praefeotns

218 4535 385 4596 combustus
405 4537 476 4614 quin
494 4536 648 4615 prodirerit
672 4552 680 4596 t
701 4530 814 4614 regulus
836 4550 896 4594 rem
912 4532 1020 4607 dolena,
1043 4554 1078 4593 ea
1099 4535 1146 4594 die
1170 4535 1266 4613 ignem
1286 4533 1403 4593 accendi
1416 4553 1481 4611 pro-

216 4648 348 4723 hibebat,
369 4656 399 4709 et
411 4649 499 4727 dapes
521 4649 611 4727 pridie
623 4656 718 4711 coctas
729 4647 896 4712 comedebat
910 4668 917 4706 ε
931 4646 999 4707 hinc
1011 4665 1073 4708 moa
1087 4649 1220 4709 omuibus
1232 4645 1362 4708 invaluit.
1378 4631 1482 4724 T‘aing

216 4763 304 4841 ming
317 4770 360 4823 est
376 4766 432 4823 150
444 4763 505 4824 dies
517 4771 582 4844 post
597 4762 758 4825 solstitium.
