3524 5652
494 509 589 553 ceruu
612 508 742 560 curentur
756 525 795 537 -
808 509 881 551 rens
900 510 1063 553 rourumon
1352 500 1410 558 557

148 625 218 689 alias
233 639 328 706 agens
343 636 522 702 pascnomm
538 608 714 701 prefectum
724 621 820 685 aiebat
833 641 839 684 :
854 623 878 685 si
894 622 984 687 boves
996 628 1028 687 et
1041 639 1113 688 oves
1128 624 1255 705 saginati
1272 625 1411 708 pingues

148 745 214 803 cant
227 743 258 802 et
271 742 422 808 crescant,
446 736 487 799 nit
509 742 655 814 superest.
686 735 716 798 Si
737 735 866 817 dignitas
890 737 1012 801 punitis
1032 743 1061 801 et
1083 753 1182 803 sermo
1204 738 1242 803 sit
1264 741 1409 817 elevatus,

148 857 300 931 peecatum
315 857 382 913 cst:
396 848 420 911 si
436 856 497 912 stas
511 848 542 911 in
558 848 684 927 adcujus
700 848 819 929 propria
833 851 914 929 auia,
926 855 956 913 et
969 857 1049 915 recta
1065 851 1199 916 doctrina
1215 868 1336 916 cursum
1351 868 1412 918 nou

148 965 246 1041 habet,
264 962 406 1043 probrum
422 968 478 1026 est.

104 1102 111 1125 ι
204 1077 235 1142 6.
258 1078 339 1140 Wan
354 1076 467 1158 tcirang
480 1076 522 1139 ait
539 1094 546 1137 :
565 1076 698 1155 privatus
713 1076 862 1140 litteratus
877 1093 936 1141 nou
952 1076 1089 1141 innititur
1104 1080 1221 1160 regulo,
1238 1084 1311 1143 curt
1331 1080 1412 1144 Rieu·

148 1191 221 1255 sius
231 1190 586 1270 respondit:uonaudet;
599 1190 749 1271 regulum,
762 1191 985 1274 emissoregno
998 1192 1411 1275 tuncreroinnitiiureguio,

149 1305 221 1368 ritus
243 1312 306 1380 est;
334 1303 497 1367 litteratum
523 1302 685 1366 sustentari
700 1317 717 1365 a
733 1304 839 1385 regulo
862 1320 920 1368 non
943 1312 988 1368 est
1011 1304 1086 1367 ritus
1110 1301 1165 1388 (i).
1199 1307 1277 1369 Wan
1302 1307 1415 1387 terang

148 1418 245 1482 subdit
258 1437 265 1480 :
279 1417 305 1480 si
315 1416 452 1496 princeps
466 1416 613 1498 largiatur
624 1416 668 1478 ilii
679 1415 815 1493 millium,
837 1425 908 1482 tuuc
922 1417 1084 1498 accipietne
1099 1418 1193 1485 iliud?
1208 1416 1277 1481 Ait:
1292 1418 1415 1498 accipiet

147 1530 229 1595 iilud.
249 1529 382 1609 Accipiet
396 1529 470 1592 illud
480 1544 539 1609 quo
551 1529 639 1608 juret
649 1527 698 1592 mr
711 1549 718 1593 :
732 1529 869 1611 princeps
884 1532 980 1610 quoad
995 1530 1157 1607 subditum,
1175 1531 1262 1596 debet
1276 1531 1416 1611 opitulari

146 1645 198 1709 iili.
224 1644 330 1708 subdit
343 1663 349 1705 :
363 1643 389 1706 si
404 1643 566 1723 opituletur
580 1643 636 1718 ilii,
653 1650 724 1708 tunc
739 1644 879 1723 accipict;
897 1644 923 1709 si
939 1645 1089 1724 persolvat
1102 1644 1159 1720 ilii,
1176 1652 1248 1709 tuuc
1263 1660 1322 1709 nou
1339 1644 1415 1709 acci·

147 1758 217 1838 piet,
235 1761 310 1822 cuit
338 1757 532 1836 Respondet:
551 1771 610 1821 non
632 1756 731 1821 audet.
760 1755 865 1821 Ausim
887 1757 1086 1839 interrupere,
1103 1758 1154 1822 ilie
1169 1773 1224 1821 cur
1238 1774 1297 1822 non
1313 1757 1413 1822 audet.

147 1871 317 1952 Respondet
342 1869 506 1934 :obeundo
529 1878 630 1949 portas
652 1870 804 1950 pulsantes
825 1871 1039 1950 crepitaculrrm
1062 1886 1156 1950 aeque
1178 1870 1288 1935 habent
1310 1870 1417 1935 stabile

146 2000 268 2059 munus,
288 1990 321 2047 et
336 1983 552 2048 enutriantura
568 1984 737 2063 superiore;
755 1999 856 2049 carere
872 1984 971 2048 stabili
986 1984 1080 2049 officio
1094 1992 1125 2048 et
1140 1990 1239 2049 tamen
1256 1985 1418 2048 sustentari

41 2157 45 2166 .
146 2097 345 2178 asuperiore,
372 2102 510 2160 censetur
535 2096 737 2160 irreverentia.
771 2097 875 2161 Subdit
892 2118 899 2162 :
918 2097 944 2161 si
964 2098 1101 2178 princeps
1116 2098 1142 2161 ei
1164 2098 1322 2180 largiatur,
1346 2104 1417 2162 tunc

147 2210 272 2292 accipiet
286 2211 377 2285 iiiud;
400 2209 500 2273 nescio
515 2225 553 2273 an
570 2209 662 2289 possit
677 2210 705 2272 id
722 2227 840 2289 semper
854 2211 1041 2279 continuarit
1061 2210 1110 2273 itit
1123 2227 1131 2272 z
1144 2213 1213 2276 Riou
1229 2212 1366 2291 princeps
1380 2211 1418 2274 ad

146 2326 204 2389 Tse
219 2341 265 2401 se,
283 2338 374 2403 saepe
388 2324 528 2400 salutem,
545 2339 633 2405 saepe
652 2324 788 2391 mittebat
808 2324 985 2405 patinarium
1007 2339 1139 2389 carnem.
1157 2326 1216 2389 Tse
1231 2341 1264 2389 se
1279 2340 1338 2387 uon
1354 2330 1419 2388 erat

148 2445 316 2502 contentus.
341 2435 387 2500 Ad
401 2445 598 2516 postremum,
616 2452 707 2501 manu
721 2438 850 2502 innuens
871 2438 982 2514 missis,
1004 2437 1106 2504 eduxit
1120 2439 1157 2502 ad
1172 2452 1300 2520 magnae
1317 2445 1420 2517 portae

147 2551 343 2627 uestibulum,
360 2549 612 2630 septentrionique
627 2551 771 2615 obversus
786 2551 915 2616 demisso
930 2551 1025 2631 capite
1034 2551 1081 2615 bis
1091 2550 1321 2631 prostrationem
1336 2551 1417 2627 iecit,

148 2673 176 2730 et
190 2680 251 2729 non
266 2663 392 2743 accepit
420 2663 522 2727 dicens
539 2682 546 2725 :
564 2680 644 2728 nuuc
664 2664 784 2727 demum
805 2666 874 2729 novi
896 2665 1057 2745 principem
1073 2670 1108 2727 ut
1122 2681 1226 2729 canem
1242 2672 1294 2727 aut
1308 2680 1419 2743 equum

148 2778 227 2842 aiere
243 2793 294 2843 me
309 2778 359 2842 Ri.
391 2777 474 2841 Unde
488 2792 526 2841 ex
540 2778 597 2841 irco
618 2777 744 2841 ministri
761 2779 834 2842 nihil
850 2778 1032 2843 obtulerunt.
1059 2775 1168 2843 Amare
1185 2779 1348 2857 sapientem
1364 2793 1420 2841 nec

148 2890 593 2971 reiiepromovere‚ueoetiam
608 2892 878 2968 somersetentem,
896 2892 1042 2970 poteritne
1052 2890 1110 2955 diei
1122 2906 1223 2954 amare
1239 2891 1420 2970 sapientem?

150 3005 252 3069 Subdit
265 3025 273 3068 ε
287 3004 387 3067 ausim
402 3003 609 3086 interrogare:
624 3005 708 3086 regni
723 3005 861 3084 princeps
875 3005 979 3068 rolens
991 3005 1072 3069 aiere
1082 3004 1258 3083 sapientem,
1271 3005 1321 3083 qut
1333 3003 1421 3068 faciet

149 3124 181 3181 ut
195 3118 291 3198 possit
309 3117 366 3181 dici
381 3119 481 3180 aieret
507 3117 669 3196 Respondit
687 3137 694 3179 :
712 3118 737 3179 si
753 3134 790 3181 err
806 3118 946 3198 principis
971 3116 1111 3182 mandato
1136 3116 1261 3180 afferant
1280 3132 1353 3192 rem,
1374 3116 1421 3179 bis

150 3231 293 3295 salutabit
307 3230 438 3295 demisso
453 3230 560 3310 capite,
571 3231 745 3310 etaccipiet.
766 3231 922 3306 Postdate,
938 3231 1037 3295 horrei
1053 3231 1191 3295 custodes
1205 3229 1421 3294 continuabunt

150 3345 291 3421 millium,
310 3344 428 3408 culinae
449 3343 585 3408 homines
609 3344 824 3408 continuabunt
848 3360 965 3420 carnes,
988 3359 1043 3408 nec
1062 3361 1099 3409 er
1114 3344 1256 3424 principis
1281 3342 1421 3407 inundato

150 3458 354 3538 apportabunt
374 3471 419 3522 ea.
448 3457 507 3521 Tse
527 3472 560 3522 se
580 3458 721 3539 cogitavit
741 3458 778 3522 ob
797 3464 897 3524 coctas
922 3473 1027 3522 carnes
1051 3457 1148 3522 iacere
1164 3463 1272 3520 setam
1295 3456 1421 3520 modeste

150 3571 285 3635 crebrius
310 3571 451 3649 salutare,
477 3585 536 3637 non
557 3587 623 3637 esse
642 3572 740 3641 aiendi
762 3571 926 3651 sapientem
950 3585 1098 3637 normam.
1125 3570 1191 3635 Yao
1210 3584 1284 3651 erga
1306 3568 1419 3645 dhoen,

148 3683 237 3763 jussit
252 3700 328 3749 suos
349 3683 425 3747 dlios
444 3700 552 3750 norem
575 3699 674 3754 mares
695 3684 807 3749 servire
822 3685 878 3765 iiii,
896 3685 970 3748 duas
986 3684 1061 3749 dlias
1076 3699 1141 3748 esse
1156 3697 1275 3759 uxores,
1301 3688 1422 3746 centum

152 3922 430 3932 m

186 4090 235 4168 (1)
257 4097 407 4177 Regulum
421 4098 572 4178 profugum
587 4100 670 4159 decet
687 4100 840 4158 sustentari
852 4101 889 4160 ab
899 4085 1066 4176 alio'regulo
1081 4097 1242 4158 :litteratus
1255 4097 1315 4156 sine
1330 4096 1424 4157 officio

150 4214 257 4292 poterit
271 4212 401 4291 accipere
414 4210 606 4273 beneficentiae
618 4213 735 4284 donum,
749 4230 809 4275 non
825 4232 890 4272 sero
902 4212 1036 4292 stipendii
1049 4212 1222 4273 beneficium.

251 4598 444 4714 ‘ffi'P‘tnm
470 4628 636 4702 percutere:
655 4623 773 4684 tundere
807 4593 876 4709 (ᾖ
903 4620 953 4695 Kr,
977 4618 1154 4691 examinare,
1177 4618 1327 4695 inquitere.
1358 4588 1427 4704 Ἠ

249 4737 527 4821 pessumsedere,
540 4736 649 4798 cadere.
905 4721 964 4808 K‘1,
979 4739 1265 4813 ceputprortornere.
