3524 5652
463 510 466 515 ·
580 492 678 537 carun
695 494 838 545 Quaerunt
850 494 978 537 —rans
994 494 1084 536 ennon
1412 481 1471 540 tol

201 606 284 685 pomi
298 605 438 671 serrium
454 606 583 691 magnis,
600 607 712 671 debiles
726 608 860 670 serviunt
877 607 1010 671 lontibus.
1035 608 1105 673 ileo
1120 609 1178 672 duo
1193 624 1209 672 e
1225 609 1301 672 coelo
1316 617 1386 672 sunt
1399 625 1406 670 :
1420 609 1472 688 qui

201 719 384 784 obsecundat
400 722 487 798 coeto,
507 729 658 797 servatum
676 722 726 800 qui
741 722 915 784 adversatur
930 722 1018 797 coelo,
1035 721 1151 801 peribit.
1171 722 1237 785 T‘si
1251 722 1333 804 King
1347 723 1472 805 regulus

200 832 274 896 dixit
291 852 299 896 z
319 834 441 913 quando
456 850 516 899 non
532 835 642 913 possim
656 834 740 914 jussa
755 834 837 910 dare,
854 834 880 898 si
894 834 984 913 etiam
1006 835 1098 899 nolim
1112 834 1195 914 iussa
1211 834 1353 914 recipere,
1369 836 1399 899 id
1414 835 1473 900 erit

200 946 381 1026 abmmpere
396 963 500 1027 pacem
516 964 584 1011 curn
599 948 665 1011 aliis
681 946 723 1031 (l)
738 968 745 1011 :
759 948 906 1030 lacrymas
921 948 996 1011 ludit
1009 954 1040 1012 et
1055 948 1145 1012 illium
1164 947 1244 1011 misit
1258 950 1295 1012 ad
1310 948 1471 1012 barbarum

200 1058 244 1124 On
261 1058 319 1143 (⁶2).
343 1060 431 1124 Nunc
446 1077 529 1136 vero,
546 1076 637 1140 parra
654 1078 747 1143 regna
762 1060 917 1124 imitantur
932 1077 1041 1144 magna
1057 1077 1151 1143 regna
1164 1065 1225 1138 (3),
1241 1067 1386 1126 ettamen
1402 1077 1470 1126 eru·

200 1172 328 1238 bescunt
343 1174 476 1253 recipere
489 1174 572 1254 iussa
585 1195 592 1237 :
605 1175 635 1238 id
646 1175 766 1254 perinde
781 1183 825 1238 est
842 1189 877 1239 ae
891 1174 1055 1254 discipulus
1068 1176 1120 1255 qui
1134 1175 1322 1239 erubesceret
1336 1176 1471 1255 accipere

200 1286 342 1350 mandata
353 1302 371 1349 a
383 1288 500 1352 seniore
515 1288 670 1370 magistro.
694 1288 725 1352 si
740 1288 769 1351 id
784 1287 972 1363 erubescant,
989 1288 1031 1351 nil
1046 1304 1130 1367 eque
1144 1288 1202 1353 erit
1216 1304 1251 1352 ae
1267 1289 1376 1352 imitari
1391 1290 1470 1353 Wen

199 1416 305 1482 regem
324 1420 331 1462 ε
349 1401 493 1465 imitando
510 1402 587 1465 ch
603 1418 718 1484 regem,
736 1401 833 1480 majus
853 1417 980 1483 rognum
995 1402 1074 1464 intra
1089 1402 1219 1482 quinque
1241 1417 1348 1478 annos,
1371 1403 1471 1465 minus

199 1529 330 1595 regnum
355 1515 435 1578 intra
459 1521 572 1593 septem
597 1530 703 1588 anuos,
730 1513 809 1577 baud
833 1514 920 1578 dubie
944 1515 1093 1579 exercebit
1118 1515 1252 1598 regimen
1277 1517 1306 1578 in
1330 1515 1467 1595 imperio.

198 1628 328 1691 darmen
346 1625 541 1712 (lii.1.)ait:
558 1629 719 1711 «dynastiae
733 1629 838 1710 Gbang
853 1633 987 1707 nepotes
1004 1643 1108 1692 eorum
1123 1645 1267 1692 numerus
1277 1644 1336 1692 non
1353 1637 1471 1693 mutum
1565 1616 1568 1621 ’

198 1747 322 1804 contum
344 1741 452 1805 mille:
471 1748 502 1805 at
520 1757 677 1822 supremus
698 1742 871 1807 bominator
884 1756 953 1804 cnm
967 1741 1100 1821 jusserit,
1124 1743 1211 1807 modo
1227 1741 1282 1806 sub
1301 1742 1421 1806 chcou
1436 1759 1471 1807 se

197 1853 393 1932 subjecerunt
406 1876 413 1917 :
427 1856 514 1919 modo
525 1871 557 1917 se
567 1854 757 1934 subjecerunt
767 1854 822 1918 sub
833 1855 964 1931 Tebeou,
983 1855 1050 1919 coeli
1065 1855 1261 1919 destinatione
1271 1871 1330 1918 non
1341 1855 1470 1919 habente

197 1966 406 2031 stabilitatem.
428 1968 465 2031 Et
480 1968 527 2031 i'n
544 1942 671 2031 ministri
688 1969 789 2051 magni
804 1975 835 2030 et
849 1968 1007 2050 diligentes
1022 1968 1155 2033 libationi
1175 1969 1346 2032 ministrant
1360 1968 1390 2031 in
1406 1985 1468 2032 mc·

199 2080 310 2159 tropoli
327 2078 404 2165 ill.»
432 2081 591 2146 Goniueius
606 2082 668 2144 uit:
685 2082 776 2162 «quia
793 2082 953 2157 humanus,
970 2098 1030 2146 non
1046 2083 1141 2161 potuit
1155 2083 1271 2146 censeri
1286 2081 1466 2146 multitudo:

199 2194 287 2282 regni
303 2194 441 2274 princeps
457 2195 507 2274 qui
522 2202 602 2259 amet
616 2196 844 2270 humanitatem,
861 2195 892 2258 in
907 2194 1032 2275 imperio
1047 2211 1107 2259 non
1123 2195 1212 2260 babet
1226 2195 1465 2259 adversarium.»

200 2306 287 2370 Nunc
307 2323 379 2372 vero
398 2309 504 2372 volunt
521 2324 582 2372 uon
601 2308 711 2373 babere
732 2309 937 2372 aduersarium
950 2307 981 2371 in
996 2308 1132 2388 imperio,
1151 2325 1205 2373 nec
1220 2315 1320 2373 tamen
1342 2315 1469 2373 utuntur

201 2420 402 2497 burnanitate;
419 2422 449 2484 id
464 2421 585 2501 perinde
600 2430 646 2485 est
655 2436 691 2485 ae
700 2422 832 2502 arripere
847 2437 911 2485 rem
926 2423 1071 2486 calentem
1083 2428 1222 2486 ettamen
1237 2438 1296 2486 non
1307 2422 1350 2485 uti
1361 2422 1468 2504 gelida

202 2532 361 2599 ablutione.
390 2535 515 2599 Carmen
533 2532 595 2618 (111.
617 2532 684 2620 23.)
701 2534 797 2615 inquit
814 2555 822 2598 ε
840 2535 907 2614 quis
926 2541 1022 2614 potest
1044 2551 1150 2615 capere
1171 2536 1309 2613 calentia,
1333 2535 1467 2599 nondum

203 2661 274 2709 usus
289 2647 438 2712 lavatione
456 2645 519 2732 (5lt

259 2761 288 2825 8.
313 2761 457 2825 Mentsius
470 2761 514 2825 ait
526 2781 533 2824 :
546 2762 725 2827 inhumanos
735 2763 786 2841 qul
796 2763 884 2826 datur
898 2763 1046 2842 colloquii
1062 2762 1153 2841 quieti
1168 2762 1311 2827 babentes
1322 2778 1376 2826 sua
1389 2763 1466 2842 peri·

204 2873 267 2936 cula
277 2881 307 2938 et
318 2875 402 2939 lucro
418 2874 560 2940 babentes
575 2891 644 2939 suas
654 2875 847 2953 calamitates,
867 2876 1052 2940 delectantur
1065 2877 1095 2939 id
1110 2892 1147 2940 ex
1157 2891 1216 2955 quo
1229 2876 1286 2956 ipsi
1301 2884 1463 2940 corruunt:

203 2984 379 3052 inhumanos
398 2989 423 3051 si
443 2989 540 3053 adbuc
564 2990 685 3053 daretur
709 2989 848 3070 colloqui,
875 2995 944 3052 tune
963 2990 1014 3069 qui
1035 3005 1166 3069 unquam
1191 2990 1277 3052 ruina
1302 3004 1465 3072 regnorum

203 3100 405 3180 excidiumque
420 3101 599 3165 familiarum
614 3103 772 3167 existeret?
792 3105 863 3165 Erat
878 3102 995 3181 puellus
1009 3109 1133 3166 cantans
1147 3102 1190 3167 sic
1202 3122 1209 3165 ε
1223 3101 1248 3166 si
1261 3103 1377 3184 T‘sang
1392 3104 1466 3185 lang

202 3226 276 3291 aqua
291 3229 365 3294 pura
381 3216 430 3292 sit,
448 3231 569 3295 possum
585 3232 620 3280 ea
636 3217 738 3280 larare
753 3232 835 3280 meas
849 3214 918 3295 pilei
934 3215 1023 3279 vittas
1041 3235 1048 3279 :
1066 3216 1091 3279 si
1106 3217 1223 3299 T‘sang
1241 3217 1314 3298 long
1333 3230 1410 3294 aqua
1425 3215 1465 3280 sit

739 3487 975 3497 .........--—-—-.
982 3488 1452 3500 ———----.-—--—--—.....

198 3725 294 3784 gerere
308 3727 394 3783 quam
408 3706 514 3767 bellum
529 3716 650 3782 tentare,
664 3706 792 3768 etlilium
805 3726 856 3786 pro
869 3707 947 3786 pacis
962 3707 1124 3768 conditione
1136 3706 1262 3767 tradidit.

237 3811 281 3887 (3)
303 3821 493 3881 Disaolutioue
506 3821 621 3882 seilicet.

237 3924 282 4001 (4)
303 3934 371 3994 Non
383 3932 476 3994 solum
489 3932 613 4013 populus,
628 3935 726 3994 videns
737 3932 880 3994 coelestem
894 3934 1004 4012 imperii
1017 3933 1237 3994 destinationem
1253 3952 1314 3994 eme
1327 3935 1365 3996 ad
1377 3936 1462 3997 somi-

196 4043 265 4105 liam
279 4044 396 4107 cheou
410 4045 585 4120 devolutam,
603 4048 672 4108 eiee
682 4047 816 4120 subdidit,
833 4048 883 4108 sed
898 4048 986 4107 etiam
999 4066 1136 4126 proceres,
1154 4049 1205 4125 qni
1217 4048 1335 4126 proinde
1352 4068 1461 4112 novum

196 4160 395 4238 imperatorem
408 4161 547 4221 libentem
570 4161 715 4238 adjuvent.
738 4159 809 4221 Ideo
825 4169 932 4234 eutem,
956 4161 999 4219 uit
1014 4157 1173 4234 Conium
1197 4169 1282 4221 tanto
1305 4161 1462 4223 multitudo

195 4272 243 4330 uni
252 4276 337 4335 oeseit
347 4274 465 4347 homini,
478 4273 739 4351 quodishnmunus
748 4281 830 4335 esset.
846 4248 1040 4346 studuimus,
1057 4249 1238 4352 fimtiguns,
1253 4245 1295 4330 dd
1306 4275 1460 4354 adjuvarer

198 4362 239 4446 ff
252 4386 401 4465 passum
413 4386 490 4447 reem
503 4386 580 4447 vna
593 4408 628 4446 te
641 4363 683 4447 d
693 4410 702 4447 t
714 4364 757 4449 ss
768 4390 839 4448 ntus
852 4395 915 4446 erat
926 4386 1072 4447 reasons
1081 4388 1113 4448 tn
1122 4387 1272 4466 mentam
1285 4389 1380 4462 saeta,
1394 4408 1460 4450 eum

195 4518 297 4579 nempe
311 4501 459 4561 adstantes
480 4500 604 4560 ministri
626 4501 725 4561 vinum
743 4502 805 4562 vasi
816 4500 1009 4574 infunderent,
1031 4507 1062 4560 et
1075 4501 1204 4561 manium
1219 4497 1460 4579 Repraesentaturi

195 4613 337 4688 offerrent,
350 4614 376 4675 is
388 4632 456 4675 vero
469 4614 569 4675 vinum
580 4614 612 4673 in
625 4622 730 4675 terram
750 4615 911 4676 effunderet

233 4717 279 4799 (5)
299 4703 344 4793 ff
354 4728 497 4809 particula
509 4726 662 4809 expletiva
