3554 5642
589 673 714 749 PARS
743 672 1020 750 Posruruort.

226 899 258 962 1.
282 896 588 978 ldeutsiusaitzquam
596 897 779 962 inhumanus
786 897 889 981 Leang
896 897 968 961 lloei
982 902 1050 961 rexl
1066 895 1282 977 Humanusper
1294 896 1439 977 ipsequos

164 1016 262 1088 amat,
270 1010 462 1093 attingitipse
469 1028 535 1091 que
544 1011 642 1075 minus
649 1018 730 1074 amat
739 1007 781 1093 (1)
792 1010 1035 1075 :inhumanusab
1046 1011 1082 1073 iis
1089 1026 1154 1091 quae
1164 1011 1227 1091 ipse
1235 1012 1334 1075 minus
1343 1019 1436 1090 amat,

164 1124 291 1207 attingit
305 1139 381 1205 quos
395 1125 459 1205 ipse
474 1132 565 1188 amat.
588 1126 679 1208 Koug
693 1140 766 1208 suep
776 1125 948 1189 t‘ebeouait
960 1144 967 1187 :
981 1124 1050 1204 quid
1066 1123 1233 1206 signifieat?
1249 1125 1351 1207 Leang
1365 1126 1439 1190 Hoei

164 1255 219 1304 rex
229 1238 270 1303 ob
281 1237 422 1304 territorii
438 1255 572 1315 eausam,
589 1240 793 1318 pulmentares
807 1246 985 1302 excocturus
999 1253 1070 1302 suos
1085 1237 1229 1315 subditoS,
1247 1238 1325 1303 bello
1338 1238 1440 1302 eduxit

164 1367 218 1417 eos
229 1348 288 1436 (2).
312 1352 421 1435 Magna
437 1358 557 1432 aeeepta
568 1353 663 1428 clade,
680 1351 785 1416 volens
800 1352 1004 1434 redintegrare
1014 1351 1100 1427 illud,
1113 1349 1211 1416 timuit
1221 1369 1259 1417 ne
1269 1368 1328 1416 non
1340 1359 1441 1431 posset

163 1466 299 1530 vincere.
321 1464 392 1531 Ideo
414 1464 514 1548 abegit
535 1481 624 1544 ouem
647 1466 710 1545 ipse
731 1464 851 1528 amabat
869 1464 1010 1543 iuvenem
1031 1464 1137 1541 ilium,
1161 1466 1212 1545 qui
1227 1465 1322 1530 iuueri
1339 1481 1439 1545 prose·

164 1585 312 1658 queretur
326 1578 405 1644 illos.
423 1579 467 1642 lin
483 1579 553 1659 quid
568 1578 728 1662 signifieat,
746 1594 871 1659 perque
881 1580 944 1659 ipse
955 1579 1156 1654 minuramat,
1173 1579 1307 1658 pervenit
1318 1580 1355 1644 ad
1365 1594 1442 1659 quos

163 1692 229 1773 ipse
244 1698 341 1755 amat.

222 1805 254 1870 2.
282 1805 428 1871 lleutsius
444 1807 485 1871 ait
503 1826 510 1870 :
529 1807 616 1873 Veris
629 1805 832 1885 Autumnique
846 1807 987 1871 chronica
1002 1823 1062 1871 nou
1077 1806 1188 1870 babent
1200 1806 1262 1886 juri
1277 1805 1442 1872 ooniormia

163 1918 260 1996 bella;
279 1926 310 1981 at
325 1921 424 2001 aliqua
440 1922 569 2000 aequiora
585 1919 737 2000 praealtis,
755 1918 925 1999 huiusmodi
941 1935 1012 1984 vero
1027 1920 1169 1984 existunt.
1193 1920 1308 1984 bellare
1329 1928 1377 1984 est
1391 1937 1440 1984 su·

163 2032 316 2112 perierem
332 2034 425 2098 armis
439 2035 587 2117 castigare
602 2033 758 2098 interiores
775 2054 783 2096 :
800 2034 907 2097 aemula
923 2049 1017 2118 regna
1033 2041 1185 2113 nequeunt
1199 2048 1232 2098 se
1253 2043 1357 2098 mutuo
1376 2048 1441 2098 oas-

164 2146 276 2229 ligare.

222 2261 255 2323 3.
281 2260 428 2326 lientrius
448 2262 491 2326 ait
514 2282 521 2325 ε
546 2261 573 2325 si
595 2263 682 2341 plena
706 2260 777 2325 lldes
798 2260 963 2325 adhibenda
986 2261 1081 2336 libris,
1115 2260 1360 2341 tunepraestabit
1381 2276 1443 2324 nou

165 2373 279 2438 babere
294 2374 397 2439 libros,
415 2376 479 2458 Ego
489 2376 519 2440 in
531 2375 626 2456 capite
637 2376 673 2440 de
684 2375 763 2438 Belli
779 2374 1024 2456 complemento,
1037 2389 1163 2454 excerpo
1173 2376 1248 2438 duos
1259 2381 1358 2438 trerve
1370 2374 1441 2437 arti·

165 2487 250 2552 culos
265 2493 395 2553 tantum.
416 2489 571 2552 Humerus
581 2488 628 2552 vir
642 2504 702 2554 non
717 2488 808 2553 habet
821 2489 1025 2552 adversarium
1036 2489 1066 2552 in
1081 2488 1214 2567 imperio.
1235 2488 1308 2551 llum
1325 2501 1443 2552 summe

165 2601 321 2664 humanus
342 2599 532 2684 impugnaret
548 2618 664 2667 summe
679 2602 888 2678 inhumanum,
906 2603 1054 2683 quomodo
1074 2601 1135 2681 jam
1151 2600 1225 2667 illud
1239 2602 1444 2681 sanquinem

165 2713 343 2777 dedoluisse
354 2716 508 2796 pistillo?
524 2713 566 2799 (3)

223 2828 254 2891 l.
279 2829 428 2894 Memmius
446 2830 489 2894 ait
505 2847 513 2893 ε
531 2818 640 2910 siquis
660 2830 739 2895 dicat
755 2851 762 2892 :
781 2845 839 2912 ego
859 2831 952 2894 oalloo
975 2830 1123 2894 instruero
1144 2830 1250 2905 uelem,
1274 2843 1332 2910 ego
1347 2829 1444 2893 calleo

166 2956 272 3023 gerere
288 2941 415 3017 bellum,
433 2959 577 3025 magnum
592 2945 705 3008 crimen
720 2944 787 3007 erit.
811 2943 842 3007 Si
856 2943 942 3026 regni
958 2944 1096 3024 princeps
1114 2949 1195 3006 amet
1211 2941 1441 3016 humanitatem,

166 3054 405 3135 irimperioron
417 3057 759 3122 babebitadrersarium.
780 3057 854 3121 llum
864 3057 1004 3138 T‘elreug
1013 3061 1102 3140 t‘ang
1111 3056 1147 3119 ad
1158 3055 1318 3120 orientales
1337 3055 1444 3135 plagas

166 3167 344 3246 debellaret,
369 3169 504 3235 boreales
522 3170 641 3234 barbari
664 3170 865 3250 querebantur
884 3190 891 3232 :
910 3185 978 3234 oum
994 3170 1031 3233 ad
1047 3185 1117 3235 eoas
1137 3170 1242 3250 plagas
1264 3167 1442 3241 debellaret,

166 3280 369 3346 occidentales
384 3283 501 3347 barbari
517 3284 730 3363 querebamur,
748 3284 880 3349 dicentes
892 3304 900 3347 :
913 3291 946 3348 ut
961 3283 1031 3363 quid
1047 3283 1204 3363 posthabet
1218 3285 1294 3344 nost
1310 3280 1446 3357 Cumque

166 3392 209 3458 Ou
232 3411 290 3460 rex
317 3395 427 3461 invasit
450 3397 510 3474 Yu,
538 3397 643 3462 bellica
667 3399 771 3461 esseda
801 3404 933 3461 trecenta
963 3402 1060 3474 eraut,
1093 3403 1123 3462 et
1152 3400 1297 3474 tunquam
1320 3391 1448 3474 tigrides

165 3521 248 3572 aeres
264 3515 317 3572 ter
334 3510 415 3574 mille
430 3512 575 3575 homines.
606 3509 670 3575 Rex
685 3511 727 3574 ait
744 3528 752 3574 :
769 3511 861 3575 nolite
884 3511 1000 3586 timere,
1025 3525 1129 3590 paoem
1150 3507 1241 3572 aliero
1262 3505 1364 3578 vobis,
1387 3517 1449 3567 uon

164 3620 314 3686 adversor
329 3625 447 3702 populo.
472 3625 571 3688 Instar
586 3624 793 3688 inclinandum
808 3640 862 3688 sua
877 3638 989 3689 eomua
999 3625 1182 3690 demiserunt
1191 3627 1285 3701 eaput
1297 3614 1355 3704 (1).
1375 3613 1452 3679 Belli

173 3898 372 3911 ..υ-...μ--η-
379 3902 561 3911 -0--0--0
567 3902 865 3911 ..a-*m

204 4101 247 4178 (l)
270 4083 318 4172 ᾖ
333 4083 390 4180 (Ι,
404 4107 512 4168 affluite
524 4130 559 4168 eo
573 4109 691 4167 bmlillr'e.

205 4214 248 4291 (3)
269 4224 342 4283 Duo
357 4223 529 4281 notandaex
539 4223 714 4301 interprete:
725 4221 754 4281 1⁰
765 4199 805 4283 ἦ(
818 4221 929 4300 proprie
942 4220 1078 4301 pistillum
1092 4217 1266 4299 siguificare,
1284 4218 1342 4277 sed
1352 4216 1389 4275 ab
1398 4211 1461 4272 aliis

169 4336 248 4395 scribi
265 4310 306 4399 ἦ
322 4356 372 4396 seu
394 4345 515 4396 sentum.
537 4336 569 4395 2⁰
585 4335 713 4396 Annales
737 4335 864 4412 loquide
887 4336 1089 4408 intermedium,
1112 4350 1173 4393 non
1194 4327 1328 4403 quidem
1353 4329 1391 4389 ab
1416 4325 1462 4387 0¹1

169 4464 241 4525 rege,
254 4449 307 4510 red
320 4450 359 4510 ub
373 4449 504 4509 hostibus
517 4450 592 4510 inter
605 4468 636 4509 eo
649 4450 748 4512 factae
763 4449 841 4526 quod
854 4447 922 4509 lieet
934 4449 1089 4510 Menloium
1107 4464 1167 4508 nou
1180 4439 1311 4517 lateret,
1339 4462 1407 4505 eum
1420 4447 1463 4500 ia·

172 4578 234 4620 meu
248 4565 378 4622 timuisse
392 4583 429 4622 ne
443 4565 506 4640 quis
520 4563 585 4622 inde
601 4562 818 4622 iuhrrmanitatis
831 4582 930 4622 ausam
945 4564 1087 4640 arriperet.

208 4666 253 4743 (1)
274 4676 440 4739 Similitudo
453 4686 494 4738 eol
510 4697 528 4736 a
542 4677 632 4739 bobus
645 4696 751 4736 cornua
764 4676 1007 4737 submittentibus.
