3672 5690
703 496 791 541 uranu
810 498 1016 549 nouaamraa
1435 488 1495 547 205

213 623 284 672 cum
299 609 506 689 particulares
523 608 652 674 miurus
666 609 749 675 velut
762 625 865 675 amnes
881 610 985 689 luant,
1010 619 1041 677 et
1051 615 1207 695 generales
1220 615 1351 680 inlunus
1368 612 1495 680 distent

216 722 435 803 productiones
451 744 458 787 :
475 739 513 788 en
527 725 636 788 coelum
650 729 789 803 terraque
804 731 926 804 propter
939 727 1018 805 quod
1031 733 1102 790 sunt
1116 743 1226 811 magna
1242 726 1298 813 (1).

261 836 316 901 31.
341 836 448 901 Solum
462 837 493 900 in
506 836 630 916 imperio
644 853 761 902 summe
777 844 899 902 sanctus
911 846 958 903 est
971 840 1049 919 potis
1063 847 1107 916 ut,
1123 841 1289 922 perspicax,
1305 842 1490 925 intelligens,

224 965 326 1032 sagon
344 949 489 1029 prudens,
505 950 629 1014 subiciat
643 951 679 1013 ad
694 951 863 1015 babendum
877 952 1105 1029 auctoritatem
1128 955 1243 1037 largus,
1267 956 1490 1038 magnanimus,

225 1063 328 1139 comis,
353 1062 516 1145 benignus,
541 1062 665 1128 subiciat
688 1064 726 1127 ad
747 1063 915 1129 babendum
937 1067 1151 1146 complectendi
1176 1068 1250 1132 alios
1271 1069 1490 1148 capacitatem3

214 1184 375 1255 actuosus,
393 1176 490 1252 tortis,
507 1176 623 1252 drmus,
648 1184 799 1255 muamus,
817 1178 942 1242 sufficiat
956 1180 993 1243 ad
1006 1179 1176 1244 babendum
1190 1181 1266 1261 aequi
1281 1181 1490 1260 tenacitatem

225 1290 388 1365 modestus,
405 1290 518 1373 gravis,
535 1296 729 1370 temperatus,
746 1297 857 1367 rectus,
874 1292 998 1357 sullieiat
1007 1294 1045 1357 ad
1059 1293 1227 1359 babendum
1243 1296 1390 1372 bonores;
1406 1295 1492 1360 deco·

226 1420 287 1479 rus,
311 1404 506 1483 compositus,
530 1409 698 1485 neomutus,
715 1409 875 1481 strumen,
902 1406 1026 1470 sufficiat
1039 1406 1076 1469 ad
1091 1408 1258 1471 badendum
1283 1408 1493 1472 discretionem

227 1513 280 1601 (t).
309 1516 399 1580 balae
412 1517 572 1592 vastitatis,
598 1517 761 1596 profundae
775 1517 894 1593 radicis,
910 1534 965 1583 suo
979 1525 1078 1583 tamen
1093 1526 1225 1600 temporo
1240 1520 1374 1601 proditur
1390 1538 1397 1584 :
1414 1522 1494 1586 latae

225 1629 373 1693 vastitatis
386 1630 603 1705 velutcoelum,
628 1631 791 1709 profundae
805 1631 930 1713 originis
950 1634 1032 1697 velut
1054 1632 1190 1715 abyssus,
1215 1634 1493 1715 apparetetpopuli

225 1758 313 1807 nemo
326 1759 386 1808 non
399 1749 571 1821 veneratur,
598 1743 729 1824 loquitur
742 1750 772 1808 et
786 1744 887 1824 populi
900 1762 989 1810 nemo
1003 1761 1062 1810 non
1078 1747 1182 1823 credit,
1205 1747 1312 1829 agitet
1325 1748 1426 1827 populi
1440 1764 1492 1812 ne·

226 1872 275 1921 mo
298 1873 359 1922 non
379 1857 508 1921 laetatur
523 1854 579 1941 (3).
609 1857 721 1922 Exinde
743 1857 821 1923 lama
843 1872 1010 1939 nomenque
1031 1860 1091 1923 late
1113 1859 1274 1924 exundabit
1293 1876 1347 1941 per
1360 1861 1492 1925 medium

226 1986 364 2052 regnum,
381 1968 594 2052 propagabitur
607 1986 702 2050 usque
716 1973 752 2034 ad
766 1971 913 2036 australes
926 1972 1069 2036 barbaros
1084 1972 1277 2052 herculesque
1293 1993 1300 2037 ε
1318 1989 1409 2038 nares
1424 1989 1491 2038 cur·

226 2099 334 2162 rusque
349 2098 537 2164 quocumque
559 2084 746 2163 perveniunt,
770 2085 925 2149 bominum
940 2086 1019 2149 vires
1041 2102 1228 2166 quocumque
1248 2091 1416 2166 penetrant,
1431 2102 1491 2150 cm·

226 2197 288 2261 lum
310 2195 487 2276 ubicumque
510 2197 597 2278 tegit,
620 2199 709 2261 tellus
732 2198 911 2277 ubicumque
934 2199 1072 2275 sustinet,
1095 2200 1140 2263 sol
1161 2204 1191 2263 et
1212 2200 1282 2262 luna
1304 2213 1493 2279 quocumque

225 2310 406 2386 illuminant,
423 2310 529 2401 pruina
538 2316 569 2374 et
579 2325 628 2375 ros
638 2326 825 2391 quoeunque
836 2310 986 2388 decidunt,
1003 2312 1181 2392 quicumque
1192 2312 1492 2394 babentsanguiuem

226 2423 434 2503 spiritumque,
458 2424 559 2488 nullus
582 2439 642 2488 non
662 2424 852 2489 venerabitur
875 2425 1044 2506 amabitque
1061 2445 1068 2488 :
1084 2426 1150 2490 idco
1175 2425 1283 2490 dicitur
1305 2425 1493 2506 aequiparari

227 2537 302 2603 ooelo
317 2533 374 2621 (l).

266 2650 319 2714 32.
341 2650 444 2715 Solum
460 2650 490 2714 in
503 2649 629 2730 imperio
651 2667 767 2716 summe
781 2652 930 2732 perlectus
944 2659 990 2716 est
1004 2661 1109 2732 potens
1122 2652 1214 2717 ordiri
1228 2658 1258 2716 et
1271 2657 1429 2716 conarere
1443 2668 1491 2716 so·

226 2763 331 2828 clalem
346 2780 490 2847 magnum
506 2763 651 2842 ordinem,
676 2765 808 2831 stabilire
833 2765 983 2830 societatis
1003 2782 1148 2849 magnum
1171 2765 1407 2840 tundamentum,
1424 2781 1491 2844 per·

226 2892 348 2941 noscere
370 2877 438 2942 coeli
461 2885 617 2957 terraeque
638 2878 861 2958 productionem
884 2880 1199 2958 conservationemque
1215 2899 1223 2942 ε
1240 2886 1270 2942 et
1284 2878 1310 2941 is
1329 2877 1381 2957 qul
1401 2877 1492 2942 babet

226 3005 284 3069 quo
298 2989 443 3056 innitatur
455 2987 521 3077 (ill
534 2989 672 3072 Impense
681 2991 809 3075 diligens
820 2992 885 3070 ejus
895 2992 1036 3071 ebaritas,
1049 2992 1109 3058 late
1120 2992 1265 3072 protunda
1275 2991 1341 3071 eius
1351 2990 1489 3074 abyssus,

265 3342 310 3439 (l)
329 3350 496 3416 Illustretur
508 3355 683 3433 comparatio
694 3376 702 3415 a
712 3354 809 3414 omnia
823 3354 937 3414 aluntur
949 3362 979 3414 el
992 3361 1142 3415 moventur
1154 3355 1191 3414 ob
1203 3353 1364 3431 generalem
1378 3361 1493 3416 nature

225 3465 359 3527 vinnam
370 3489 378 3525 :
389 3466 430 3527 nil
443 3467 596 3546 impeditur
605 3476 656 3527 aut
666 3468 851 3546 perturbatur,
863 3469 931 3545 qnia
942 3467 1126 3547 particulares
1137 3464 1493 3527 influxas'discriminallm

225 3576 304 3639 velut
316 3579 436 3639 tolidem
448 3582 532 3642 rivuli
544 3581 682 3641 defluunt.
701 3581 778 3641 Item
791 3582 820 3641 lit
832 3580 869 3641 de
880 3583 974 3641 saneti
985 3582 1100 3653 virtute,
1114 3580 1195 3658 cujus
1208 3580 1326 3658 proinde
1340 3578 1494 3659 particula·

223 3711 269 3751 res
283 3702 312 3753 et
326 3692 473 3769 generales
486 3694 612 3754 influxus
624 3693 655 3753 in
667 3695 904 3772 subsequentibus
916 3693 1101 3773 paragraphis
1114 3704 1305 3772 exponuntur.

265 3803 310 3874 (al
331 3778 468 3868 {sonat
482 3781 539 3867 ff.

185 3948 188 3951 ·
264 3909 310 3990 (3)
334 3899 472 3982 Ξεοηαι
486 3894 545 3993 ᾗ,
559 3897 601 3982 R
615 3929 699 3980 sonat
716 3901 758 3983 ’ἢ
767 3970 772 3979 .

265 4028 309 4099 (d)
330 4032 468 4111 Splendet
480 4052 590 4113 summe
603 4034 695 4093 sancti
707 4034 865 4112 descriptio.
891 4010 1027 4096 &sonat
1044 4012 1099 4099 Ε.

266 4136 311 4214 (5)
330 4144 407 4206 illud
420 4165 470 4225 per
481 4165 512 4207 se
524 4147 582 4225 ipse
594 4154 721 4226 prestat.

238 4354 307 4580 g}
319 4381 455 4571 1111?ss
453 4399 735 4574 fflramiritus:
751 4492 837 4554 auhe-
969 4376 1068 4554 ἴω,
1105 4380 1244 4444 ⁰⁰³¹¹¹¹⁰¹¹⁸
1268 4382 1355 4462 mh
1378 4382 1493 4448 {unim-

265 4550 277 4575 ἱ
320 4609 397 4673 litus.
869 4579 938 4688 (π
964 4608 1100 4684 Tonosa,
1127 4627 1235 4671 erasmo
1260 4630 1269 4670 a
1295 4611 1377 4683 serio,
1403 4608 1491 4671 rehe-

222 4695 292 4806 ffi
315 4723 676 4801 Luemtllaconterquere,
690 4721 834 4785 redordiri
967 4736 1086 4785 menter.
1102 4722 1217 4797 eneas,
1230 4723 1442 4785 woindivies
