3672 5690
617 509 714 555 curor
731 510 865 555 murrum
878 527 920 543 -
932 512 1007 555 nnus
1023 514 1117 559 esaon
1441 498 1499 567 eit

289 623 339 688 sd.
367 622 570 703 Philosophus
588 623 660 687 ait:
689 623 770 688 itane
791 639 865 707 ergo
880 625 955 702 (ht
981 642 1039 708 ego
1065 627 1197 694 nondum
1219 628 1288 707 uidi,
1323 629 1375 710 oui
1407 633 1502 711 possit

231 737 328 804 uidere
342 752 414 802 suos
430 738 575 814 deiectus,
592 742 622 802 et
635 736 762 806 interius
776 738 907 818 seipsum
922 737 1070 805 incusare.

288 850 339 914 Ἡ.
362 851 564 930 Philosophus
574 858 615 914 art
631 870 640 915 z
662 850 764 921 decern
780 851 961 918 familiarum
972 860 1158 936 paguscerte
1169 856 1259 921 hahet
1272 857 1387 923 fidelem
1398 860 1498 923 etsin·

230 980 342 1041 cerum,
359 964 439 1032 sieut
449 964 633 1044 meK‘ieou3
647 971 678 1027 at
688 980 760 1042 non,
778 965 854 1035 sicut
864 965 1044 1044 meh‘ieou,
1057 974 1222 1035 amatorem
1233 970 1384 1053 sapientie
1395 973 1495 1038 studii.

648 1186 775 1263 PARS
802 1185 1081 1265 Possumus.

288 1417 318 1481 1.
340 1415 540 1496 Philosophus
559 1415 602 1479 ait
624 1434 632 1480 ε
653 1415 747 1500 Yong¹
765 1422 866 1497 posset
885 1418 949 1482 deri
968 1417 1101 1486 meridiei
1121 1417 1265 1484 obuersus
1286 1414 1341 1504 (2).
1372 1419 1499 1505 Tchoog
1618 1450 1621 1454 ·

228 1530 311 1612 hung
329 1529 527 1611 interrogauit
546 1530 582 1593 de
605 1530 663 1594 Tse
682 1528 811 1615 sangpc
832 1536 877 1594 ise
897 1531 955 1609 (3).
984 1531 1142 1595 doniireius
1162 1532 1204 1595 ait
1225 1551 1232 1595 :
1258 1532 1332 1596 hene
1354 1533 1495 1612 ouidem;

228 1643 485 1723 modicuscsttii.
503 1643 792 1726 Tchongkongait:
810 1644 870 1708 uita
881 1645 1007 1726 rigidus,
1026 1645 1282 1710 administratione
1293 1650 1393 1711 autem
1404 1646 1497 1711 modi·

227 1773 293 1832 cus,
310 1756 393 1821 etsie
407 1756 575 1838 guhemare
585 1773 672 1825 suum
689 1758 842 1837 populum,
860 1772 959 1822 nonne
973 1759 1092 1838 quidem
1105 1759 1210 1837 justet
1225 1757 1264 1822 At
1274 1759 1334 1821 uita
1345 1758 1499 1824 remissior

226 1870 354 1949 indeque
368 1869 625 1935 administratione
641 1871 803 1947 remissior,
818 1887 917 1939 nonne
928 1880 999 1938 tunc
1014 1872 1070 1939 erit
1081 1872 1169 1937 nimis
1185 1872 1327 1939 remissus
1337 1873 1406 1950 (ott
1422 1872 1497 1937 dou·

226 1982 325 2047 fndus
339 1985 382 2047 ait
398 2003 406 2045 :
424 1983 483 2048 mei
496 1983 588 2065 Yong
602 1983 692 2048 ucrha
708 1991 789 2049 recta
804 1990 884 2048 sunt.

286 2096 317 2161 2.
340 2096 418 2179 Ngai
433 2097 557 2178 regulus
572 2099 667 2176 petiit,
684 2114 702 2162 e
716 2098 869 2179 discipulis
883 2098 950 2178 quis
965 2105 1044 2163 esset
1058 2113 1163 2162 amans
1178 2098 1309 2162 studium
1324 2098 1495 2178 sapientiae3

226 2209 385 2274 Goniucius
408 2210 590 2289 respondens
604 2211 671 2277 ait:
695 2214 768 2275 Erat
781 2212 848 2281 Yen
867 2212 946 2288 hoei,
970 2213 1020 2293 oui
1040 2212 1159 2276 amabat
1174 2213 1231 2277 hoe
1249 2212 1380 2281 studium
1404 2231 1412 2275 ε
1436 2227 1497 2279 uon

226 2322 425 2388 transferebat
440 2322 516 2391 iram
529 2320 585 2408 (6),
603 2341 662 2390 non
678 2325 723 2389 his
738 2325 859 2391 fallebat
876 2346 883 2389 :
901 2334 932 2389 at
940 2325 1098 2390 infeliciter
1111 2325 1210 2393 bueus
1226 2325 1281 2389 tuit
1295 2326 1364 2390 vitae
1378 2331 1409 2390 et
1418 2340 1497 2390 mor·

226 2442 298 2499 tuus
312 2444 360 2501 est
374 2456 381 2499 :
396 2452 475 2502 nunc
490 2453 561 2502 uero
577 2455 664 2504 nemo
679 2446 746 2515 est;
764 2440 895 2505 nondum
910 2439 1028 2519 percepi
1043 2444 1207 2503 amatorem
1224 2438 1314 2517 huius
1329 2438 1418 2503 studii
1436 2439 1494 2518 (7).

286 2552 317 2614 3.
341 2552 399 2614 Tse
410 2551 466 2614 hoa
478 2552 734 2616 missusiueratin
750 2551 827 2629 T‘si‚
846 2552 903 2617 Jan
919 2558 963 2616 tsc
979 2569 1032 2631 pro
1042 2551 1123 2614 iliius
1134 2557 1229 2617 matre
1237 2552 1324 2645 petiit
1332 2564 1495 2616 annonam.

226 2662 386 2728 douiucius
400 2664 467 2727 ait:
491 2654 544 2729 des
562 2664 606 2729 illi
626 2666 830 2741 medimnum;
855 2665 939 2745 petiit
952 2670 1148 2748 augmentum
1166 2685 1173 2728 ι
1192 2664 1234 2728 ait
1251 2684 1258 2727 :
1276 2665 1329 2729 des
1350 2665 1394 2728 iiii
1409 2665 1497 2729 duce·

225 2777 345 2841 narium
365 2778 505 2856 pondus:
533 2779 589 2841 Jan
610 2784 655 2843 tse
674 2780 754 2845 dedit
772 2779 816 2842 iili
836 2780 956 2861 hugum
977 2779 1108 2859 quinque
1132 2777 1270 2841 milliaria
1291 2779 1420 2858 pondera
1438 2773 1494 2861 (8).

227 2889 458 2955 Goninciusait:
476 2892 571 2956 T‘che
583 2892 667 2972 petiit
676 2908 803 2975 regnum
814 2894 879 2961 T‘si
890 2900 992 2957 uectus
1002 2890 1162 2974 pinguibus
1171 2891 1267 2971 equis,
1285 2890 1498 2959 induusleves

226 3005 378 3068 rhenones
395 3024 403 3068 ε
420 3021 478 3089 ego
494 3005 692 3082 indaudivi,
710 3007 789 3086 quod
803 3004 921 3089 sopiens
936 3006 1098 3092 opitulatur
1120 3003 1333 3087 indigentibus,
1350 3019 1410 3072 uon
1425 3017 1497 3068 uero

270 3268 315 3346 (2)
335 3274 468 3352 Princeps
481 3274 574 3333 forum
589 3293 676 3351 egens
689 3273 817 3332 meridiei
831 3271 1037 3335 obvertebstur.

270 3379 315 3458 (3)
332 3389 492 3466 Diogenem
513 3387 620 3449 diceres
639 3386 759 3445 sinicium
773 3409 782 3446 r
795 3386 895 3446 leceris
910 3386 1034 3445 vestibus
1047 3393 1077 3446 et
1090 3385 1151 3445 siue
1165 3384 1239 3463 pileo
1252 3383 1402 3444 incedebat
1416 3406 1424 3444 t
1446 3385 1497 3446 sed

227 3511 321 3563 rectus
333 3510 363 3562 et
375 3499 497 3579 simplex
511 3521 527 3559 e
542 3498 603 3558 Lon
617 3499 750 3562 oriundus
763 3498 858 3560 homo.

126 3592 132 3597 v
271 3606 317 3683 (4)
338 3594 393 3688 ἢ,
408 3615 444 3674 ed
458 3612 718 3683 solumomentose‚
733 3610 854 3671 velutin
866 3613 1072 3690 compendium,
1088 3612 1240 3686 retusus,
1254 3611 1285 3672 in
1301 3610 1498 3671 minutioribus

227 3748 289 3788 non
302 3730 414 3802 multus,
429 3734 480 3787 sut
494 3728 678 3804 importunus,
693 3725 743 3784 secl
757 3725 892 3797 modicus,
905 3725 1004 3800 facilis,
1017 3726 1167 3786 remissior·
1314 3794 1318 3800 ¹

271 3830 316 3911 (5)
341 3822 379 3906 75
405 3840 435 3901 1⁰
447 3840 543 3899 innuit
561 3836 713 3915 sequelam,
734 3848 847 3912 sttuite,
864 3848 890 3899 et
902 3840 987 3898 hinc:
1011 3840 1043 3899 2⁰
1055 3839 1202 3918 explanet,
1215 3842 1341 3900 seilicet:
1365 3836 1397 3895 3⁰
1409 3836 1495 3915 signi·

228 3954 295 4015 dean
309 3965 346 4013 tu.

269 4059 315 4137 (6)
335 4067 403 4127 Non
417 4086 454 4128 ex
467 4067 598 4145 passione
611 4065 793 4138 noscebatur,
812 4065 985 4144 proindeque
999 4066 1041 4126 illi
1054 4063 1107 4126 soli
1120 4067 1312 4139 succensebat,
1327 4064 1377 4140 qui
1393 4063 1497 4143 dignos

227 4189 292 4241 erat
304 4181 508 4261 objurgatione

270 4287 317 4361 tt)
340 4271 378 4354 U
392 4293 516 4353 idemus
531 4265 590 4355 ᾗ.
613 4292 697 4365 Hori,
711 4294 748 4352 32
763 4310 853 4352 anuos
866 4299 952 4351 nutus
967 4293 1046 4353 obiit.

268 4397 316 4477 (8)
335 4385 378 4469 ’ἕ
390 4406 557 4467 continebat
578 4424 630 4466 sex
643 4406 752 4467 modios
766 4380 808 4466 ΞΡ
823 4412 852 4464 et
866 4413 984 4480 qustuor
996 4403 1106 4483 cotyles
1122 4377 1181 4467 ἦ·
1203 4382 1246 4470 iffi
1269 4405 1435 4467 continebat
1458 4406 1495 4471 16

225 4521 347 4582 modios.
371 4496 415 4584 ᾖ
433 4520 599 4580 eontinebet
621 4521 659 4579 80
679 4518 798 4590 modios,
817 4536 867 4577 seu
891 4520 928 4577 16
951 4538 1098 4578 mensures
1112 4498 1172 4592 fii,
1196 4538 1260 4597 quoe
1281 4536 1415 4578 mensure
1427 4519 1496 4580 licei

223 4633 322 4715 plures
336 4635 518 4714 paucioresve
532 4633 642 4691 modios
654 4652 706 4712 pro
725 4639 884 4712 temporum
903 4633 1041 4692 verietate
1062 4633 1241 4706 continuerit,
1264 4633 1293 4692 in
1307 4631 1385 4692 libris
1397 4639 1496 4691 tamen

222 4750 355 4829 quinque
368 4747 470 4809 modiis
482 4745 619 4826 pensitari
633 4744 714 4806 solet
