3672 5690
718 473 806 516 uuum
832 473 1038 524 meunumrrss
1455 459 1512 519 193

250 590 405 668 idestqno
420 588 561 653 foventur
574 603 677 652 ornnes
691 586 823 649 vassalli.
848 584 1031 665 Quicumque
1054 585 1242 650 administrat
1265 584 1381 666 imperii
1404 601 1510 669 regna,

250 703 335 767 babet
358 717 469 766 novem
494 708 616 777 statuta,
631 706 662 764 et
674 699 703 764 id
718 714 777 779 quo
802 705 998 781 peraguntur,
1011 715 1104 762 unurn
1117 706 1164 763 est
1178 696 1234 783 (1).
1260 698 1299 762 dt
1318 716 1512 779 quaecumque

250 832 296 880 res
309 813 464 895 prelultae,
481 823 553 879 tunc
566 813 705 889 stabunt;
726 829 785 877 non
801 811 955 892 praelultse,
972 820 1043 876 tunc
1055 820 1228 876 evertentur
1243 833 1250 876 :
1268 812 1312 875 sic
1326 812 1414 877 verba
1429 814 1512 892 prius

249 928 376 1004 delinita,
389 934 462 992 tunc
472 944 532 992 non
543 926 727 1009 irnpingeut;
741 926 860 1010 negotia
872 924 955 1005 prius
965 925 1172 1001 determinata,
1185 932 1256 989 tune
1267 942 1325 990 non
1336 926 1509 1003 baerebunt3

248 1041 377 1106 actiones
391 1041 476 1121 prius
489 1040 702 1115 determinate,
717 1047 790 1104 tuuc
802 1054 862 1104 non
876 1037 1040 1119 peccabunt
1053 1056 1062 1115 ;
1079 1038 1187 1121 agendi
1202 1040 1306 1121 regule
1320 1039 1402 1117 prius
1414 1040 1510 1104 deter-

249 1154 371 1231 rninata,
394 1161 466 1219 tuuc
482 1170 541 1219 non
563 1153 688 1218 deliciet.
719 1153 795 1218 Hinc
815 1152 946 1217 existens
969 1151 1109 1217 interiore
1132 1152 1240 1235 gradu
1257 1152 1282 1214 si
1297 1168 1356 1216 nou
1380 1151 1513 1217 obtineat

249 1268 334 1332 lideru
346 1283 363 1330 a
374 1268 540 1347 superiore,
559 1267 686 1347 populus
699 1281 758 1330 nen
772 1272 869 1347 petest
884 1265 947 1329 lieri
961 1271 995 1328 ut
1008 1273 1131 1347 regatur
1146 1263 1188 1349 (t)
1206 1285 1213 1328 :
1231 1272 1262 1328 at
1275 1266 1409 1330 obtinere
1425 1266 1511 1329 fidem

247 1396 264 1443 a
278 1381 430 1460 superiore
444 1381 535 1446 babet
548 1381 705 1462 regulam3
721 1396 781 1444 non
797 1379 891 1444 fidelis
904 1394 978 1462 erga
992 1380 1089 1443 socios
1102 1378 1284 1459 amicosque,
1298 1394 1357 1442 non
1368 1378 1513 1443 obtinebit

248 1495 334 1559 lidern
348 1510 366 1557 a
381 1495 534 1575 superiore
557 1513 564 1556 :
589 1492 661 1557 tides
680 1492 711 1555 in
733 1493 845 1557 amicos
869 1492 959 1556 babet
982 1493 1138 1574 regulam;
1164 1507 1224 1557 non
1249 1491 1416 1570 obsequens
1438 1507 1512 1574 erga

247 1614 397 1688 parentes,
409 1623 468 1671 non
479 1608 536 1672 erit
547 1605 640 1670 ddelis
648 1622 717 1669 cum
727 1607 830 1671 amicis
843 1626 851 1669 ι
863 1605 1051 1669 observantia
1061 1605 1092 1668 in
1103 1612 1242 1685 parentes
1253 1604 1342 1669 babet
1353 1606 1509 1688 regulam

248 1722 273 1784 sl
286 1737 425 1784 reversus
438 1720 468 1783 in
481 1720 675 1798 semetipsum
697 1726 798 1785 careat
819 1719 956 1796 veritate,
980 1718 1164 1801 integritate,
1186 1734 1245 1784 non
1266 1719 1324 1783 erit
1345 1718 1512 1797 obsequens

247 1850 319 1916 erga
330 1842 468 1913 parentes
481 1853 489 1898 :
502 1833 724 1915 redintegrandi
737 1834 868 1914 seipsum
880 1836 962 1896 extat
975 1833 1099 1914 regula3
1116 1846 1175 1895 non
1189 1832 1302 1913 peritus
1316 1832 1394 1896 circa
1405 1847 1511 1895 verum

247 1946 370 2022 bonum,
386 1946 498 2012 carebit
511 1946 683 2029 integritate
696 1947 726 2010 ln
741 1946 900 2026 semetipso
916 1941 971 2028 (3).
988 1944 1140 2009 Naturalis
1151 1946 1309 2028 integritas
1323 1951 1369 2010 est
1382 1944 1450 2009 coeli
1465 1960 1510 2009 ra·

248 2059 300 2136 tio,
315 2059 527 2143 redintegratio
541 2066 587 2125 est
599 2060 729 2123 bominis
743 2060 801 2123 via.
824 2059 999 2141 integritate
1013 2058 1144 2135 dotatus,
1162 2074 1221 2124 non
1235 2065 1360 2123 conatur
1371 2064 1511 2122 ettamen

248 2173 379 2255 attingit,
395 2174 466 2253 quin
480 2173 592 2255 cogitet
603 2171 666 2252 jam
679 2173 869 2253 assequitur3
885 2187 1002 2236 sunnrna
1017 2172 1232 2251 tranquillitate
1255 2170 1377 2254 attingit
1399 2172 1511 2251 perlec-

248 2286 370 2363 tionem,
397 2294 518 2351 sanctus
536 2293 582 2351 est
601 2285 649 2349 vir
673 2306 681 2350 :
706 2287 744 2351 ad
758 2285 961 2368 integritatem
985 2285 1178 2362 contendens,
1194 2285 1220 2348 is
1233 2284 1334 2367 seligit
1357 2284 1467 2349 bouum
1482 2292 1513 2348 et

248 2398 363 2463 fortiter
376 2406 458 2465 tenet
470 2400 545 2464 illud
561 2396 603 2483 (4)
618 2416 627 2475 ;
646 2400 778 2479 adeoque
791 2400 890 2478 ample
903 2399 1044 2480 perdiscit
1057 2398 1142 2475 illud,
1157 2399 1233 2463 illud
1246 2399 1406 2462 scrutando
1420 2397 1510 2462 inter·

249 2521 346 2593 regat,
362 2513 522 2595 diligenter
535 2512 609 2576 illud
623 2513 793 2590 meditatur,
809 2514 889 2577 clare
902 2512 976 2576 illud
989 2512 1142 2590 discernit,
1164 2511 1238 2576 illud
1257 2511 1335 2576 serio
1356 2518 1508 2592 operatur.

248 2626 300 2690 Vel
315 2640 374 2689 non
390 2626 537 2702 studebit;
560 2632 589 2688 at
604 2626 727 2690 studens
747 2625 910 2705 sapientire,
928 2625 997 2690 licet
1009 2641 1068 2690 non
1083 2625 1223 2708 attingat,
1240 2640 1296 2689 uec
1308 2625 1425 2689 omittet
1440 2624 1482 2709 (5)
1500 2644 1508 2689 :

248 2740 294 2802 vel
314 2754 374 2803 uon
398 2738 613 2821 interrogabit3
635 2747 667 2803 at
681 2740 883 2822 interrogans,
907 2738 965 2803 etsi
987 2753 1047 2803 non
1070 2737 1231 2820 intelligat,
1258 2754 1313 2803 nec
1336 2739 1445 2802 sistet:
1462 2739 1510 2802 vel

249 2868 305 2916 non
327 2851 492 2935 cogitabit;
519 2858 551 2916 at
565 2853 712 2935 cogitans,
728 2851 784 2917 etsi
798 2867 858 2917 non
879 2858 1067 2932 assequatur,
1083 2868 1139 2917 nec
1152 2851 1274 2917 desistet
1289 2871 1298 2915 ι
1314 2851 1362 2915 vel
1378 2866 1437 2915 non
1451 2850 1510 2915 dis·

248 2965 381 3047 tinguet;
398 2972 431 3029 at
443 2966 643 3048 distinguens,
668 2965 784 3031 etiamsi
809 2980 868 3029 non
893 2965 1047 3046 percipiat,
1064 2981 1119 3030 nec
1133 2965 1217 3029 sistet
1233 2985 1241 3028 ε
1259 2965 1305 3028 nel
1329 2980 1388 3028 non
1413 2972 1484 3047 aget
1499 2982 1508 3040 ;

247 3084 278 3141 at
290 3093 394 3162 agens,
412 3079 485 3143 lieet
504 3095 564 3144 non
586 3078 733 3157 conficiat,
756 3094 812 3144 nec
831 3078 964 3144 desistet.
987 3077 1071 3151 Quod
1085 3079 1136 3142 alii
1149 3093 1209 3143 uno
1222 3077 1284 3142 ictu
1297 3082 1508 3158 assequuntur,

247 3458 409 3534 obtinuerit,
431 3476 552 3537 eamque
572 3460 701 3520 nondum
720 3458 924 3540 deturpaverit,
945 3461 1050 3539 quique
1071 3460 1187 3538 proinde
1208 3467 1343 3519 naturam
1363 3456 1510 3536 primitiva

182 3634 186 3643 ,
246 3590 297 3632 sua
308 3575 435 3652 puritate
450 3573 581 3651 possidet,
595 3570 678 3633 ieeile
688 3583 719 3633 et
728 3582 829 3652 sponte
841 3582 951 3633 rectum
964 3576 1034 3652 agit,
1045 3581 1075 3633 et
1085 3573 1123 3632 ad
1133 3591 1291 3652 supremum
1308 3570 1509 3649 perfectionem

246 3687 391 3765 pertingit,
416 3685 590 3764 proindeque
609 3697 725 3747 sanetus
739 3696 790 3747 eet.
814 3687 910 3747 Homo
922 3687 968 3764 qui
983 3686 1154 3747 declinatum
1168 3707 1187 3745 u
1199 3702 1334 3764 germano
1355 3691 1509 3762 prototypo

246 3807 378 3859 naturam
391 3799 489 3869 hebet,
499 3799 558 3858 sive
569 3799 646 3877 quod
658 3798 893 3877 imperfectiorem
906 3809 1040 3860 naturam
1053 3800 1179 3872 sonitus,
1188 3800 1247 3859 sive
1257 3798 1335 3875 qued
1344 3796 1404 3874 ipse
1414 3796 1510 3856 detur-

246 3914 364 3989 paverit,
374 3914 399 3973 is
409 3912 495 3972 debet
504 3930 668 3990 promovere
682 3922 816 3973 naturum
828 3912 943 3991 qualem
955 3913 1052 3986 hebet,
1065 3913 1189 3988 benique
1202 3931 1327 3990 germen,
1338 3910 1415 3987 quod
1424 3910 1508 3984 inest,

246 4026 325 4102 sequi
338 4035 368 4085 et
381 4025 529 4104 evolvere3
553 4041 592 4085 ex
605 4044 662 4103 quo
675 4026 722 4085 liet
735 4033 768 4085 ut
781 4026 819 4085 ad
831 4027 1005 4104 primitivum
1023 4025 1223 4104 perfectionem
1246 4024 1391 4104 pervenire
1404 4031 1434 4083 et
1448 4022 1509 4101 ipse

246 4139 360 4217 poterit.

286 4242 331 4319 (4)
351 4251 479 4332 Repetiti
501 4250 577 4312 illius
595 4228 633 4312 ἓ
647 4252 790 4331 perpende
814 4252 870 4312 vim
883 4276 893 4315 t
906 4252 1105 4331 redintegrans
1126 4272 1196 4327 sese,
1217 4259 1259 4312 est
1281 4249 1330 4310 ille
1351 4250 1401 4327 qui
1412 4249 1508 4328 seligit

246 4363 351 4426 bouum
364 4374 394 4426 et
407 4366 521 4425 fortiter
534 4372 612 4425 tenet
624 4364 704 4426 nlud.

286 4467 333 4548 (5)
351 4478 457 4540 Recole
480 4496 543 4553 quae
555 4478 592 4538 de
606 4458 645 4540 Ζ
661 4479 836 4558 pronominis
850 4498 901 4540 usu
911 4479 974 4558 jam
988 4480 1189 4540 adnotammus
1202 4502 1210 4539 ι
1223 4480 1271 4539 hie
1282 4477 1416 4555 designet
1437 4475 1508 4537 veri·

247 4600 344 4658 taterm
356 4592 538 4671 sapientiam,
553 4566 610 4650 it.
635 4592 721 4653 Unde
735 4593 776 4652 ait
787 4615 795 4653 t
806 4594 843 4654 ed
851 4593 1049 4670 iutegritatem
1061 4594 1244 4665 contendeus,
1257 4611 1320 4652 eum
1333 4590 1421 4649 semel
1435 4608 1506 4667 opus

248 4724 394 4784 aggremus
403 4705 502 4778 fuerit,
512 4705 549 4765 ab
557 4706 671 4786 incepto
681 4724 831 4785 nunquam
839 4705 1035 4780 deterrebitur,
1044 4714 1074 4767 et
1084 4707 1173 4767 serius
1181 4723 1270 4784 ocyus
1279 4713 1386 4763 metam
1396 4708 1505 4780 tanget
