3672 5690
603 537 700 582 curor
719 535 876 579 sacurmmr
888 551 930 565 -
942 534 1016 578 raus
1036 535 1127 578 uaros
1437 516 1496 577 aul

221 650 293 732 quid
313 651 492 735 significat?
514 650 672 716 Gonlucius
690 650 756 713 ait:
775 647 912 725 nonita;
935 648 1124 713 committens
1145 652 1299 728 peccatum
1318 646 1350 710 in
1371 648 1495 726 ooelum,

223 780 284 830 uon
299 765 392 830 hahet
407 781 497 845 quern
512 766 686 844 deprecetur
702 760 757 847 (1).

284 880 335 944 ll.
361 879 563 958 Philosophus
584 877 651 940 ait:
675 877 796 941 Tchcou
815 875 945 956 inspexit
964 875 995 939 in
1015 877 1089 940 duas
1107 874 1283 960 dynastias:
1312 875 1387 954 proh
1406 889 1498 955 quam

225 992 382 1057 abundans
397 992 464 1072 ejus
479 992 637 1056 decoruml
656 1005 713 1073 ego
728 1005 837 1070 sequor
851 990 982 1054 Tcheou.

286 1107 338 1170 15.
363 1105 564 1185 Philosophus
577 1104 733 1187 ingressus
748 1103 923 1183 primariam
939 1103 1050 1180 lanum,
1076 1104 1112 1167 de
1132 1102 1261 1186 singulis
1275 1103 1365 1168 rebus
1383 1117 1498 1182 quere·

226 1219 287 1285 bat.
306 1218 423 1299 Aliquis
438 1218 531 1283 dixit:
549 1217 616 1298 quis
631 1217 709 1281 dicet
723 1218 844 1281 Tcheou
865 1215 939 1280 civis
954 1215 1047 1279 hlium
1063 1230 1244 1299 cognoscere
1259 1217 1357 1280 ritusl
1377 1215 1498 1297 Ingres-

227 1351 280 1397 sus
293 1333 470 1413 pn'marium
485 1332 596 1410 lanum,
617 1332 655 1396 de
669 1331 797 1413 singulis
812 1330 901 1394 rebus
914 1329 1090 1412 interrogat.
1115 1329 1273 1395 Gonlucius
1288 1329 1412 1394 audiam
1426 1329 1493 1407 hoc,
1509 1362 1512 1366 ι

226 1446 290 1511 ait:
308 1447 365 1510 hoc
381 1446 457 1510 ritus
471 1452 518 1510 est
535 1442 590 1529 (2).

287 1561 339 1624 16.
363 1559 562 1638 Philosophus
577 1559 638 1622 ait:
657 1557 809 1641 sagittatio
825 1572 884 1621 non
902 1556 1043 1621 tundatur
1057 1558 1146 1636 corio,
1173 1556 1242 1637 quia
1257 1556 1337 1622 vires
1352 1572 1412 1622 non
1428 1560 1501 1619 sunt

227 1674 362 1753 eiusdem
376 1674 509 1756 gradus;
527 1672 718 1751 antiquorum
733 1677 798 1737 erat
812 1671 946 1736 doctriua
963 1667 1017 1755 (3).

288 1789 338 1851 ll.
363 1787 422 1851 Tse
438 1786 518 1867 long
532 1785 651 1849 volebat
665 1784 783 1849 abolere
793 1800 847 1864 pro
862 1784 1091 1850 commonitione
1106 1785 1297 1859 calendarum
1317 1782 1499 1849 offerendam

228 1914 315 1966 orem
331 1897 385 1984 (l).
406 1900 564 1964 Gonlueius
579 1900 640 1962 ait:
659 1899 707 1977 Sc,
728 1905 761 1961 tu
776 1914 860 1961 amas
875 1898 958 1963 illam
972 1913 1068 1975 ovem,
1093 1914 1151 1980 ego
1166 1912 1234 1961 arno
1248 1899 1334 1961 illum
1350 1896 1450 1961 riturn.

287 2014 339 2078 18.
364 2012 563 2092 Philosophus
577 2012 620 2075 ait
636 2032 644 2076 ε
662 2012 795 2076 serviens
815 2011 941 2091 principi
960 2011 1081 2076 omnino
1101 2027 1188 2076 scrvo
1203 2010 1300 2088 ritus;
1321 2009 1371 2074 alii
1388 2010 1501 2074 habeut

228 2126 550 2206 hocproadulatione.
886 2120 888 2125 ’

287 2240 338 2304 lo.
364 2239 461 2322 Regni
476 2240 540 2303 Lou
550 2239 629 2322 Ting
640 2238 877 2323 reguluspetiit:
892 2237 1030 2318 princeps
1040 2239 1083 2303 uli
1093 2238 1281 2321 magistratu,
1301 2236 1499 2320 magistratus

229 2354 341 2419 servire
356 2352 491 2433 principi,
513 2356 660 2433 quomodo
675 2353 786 2417 debet?
802 2352 960 2417 Gonlucius
975 2354 1157 2433 respondens
1172 2352 1233 2415 alt:
1251 2353 1390 2431 princeps
1404 2351 1500 2415 utitur

229 2467 410 2550 magistratu
423 2466 508 2545 juxta
523 2467 608 2542 ritus,
630 2467 824 2549 magistratus
838 2465 963 2531 inservit
977 2466 1103 2547 principi
1118 2482 1186 2530 curn
1203 2465 1352 2530 fidelitate.

286 2581 338 2645 20.
364 2580 564 2659 Philosophus
583 2579 626 2643 ait
642 2600 650 2643 ε
668 2581 723 2645 oda
745 2578 928 2645 concinentis
947 2595 1075 2644 casarcae
1092 2577 1134 2663 (I.
1154 2576 1204 2663 1.)
1224 2580 1341 2643 laetatur
1356 2578 1428 2660 quin
1443 2576 1498 2641 dii·

230 2692 313 2771 duat,
330 2700 439 2757 ruoeret
454 2693 505 2757 sed
520 2692 585 2757 siue
602 2693 794 2759 sauciatione.

287 2806 338 2872 11.
363 2806 442 2889 Ngai
465 2808 590 2889 regulus
614 2807 751 2887 quesivit
773 2808 810 2871 de
834 2805 964 2872 Telluris
988 2806 1049 2870 aris
1073 2822 1091 2871 a
1115 2805 1185 2871 ‘isai
1215 2821 1303 2889 ngo;
1334 2805 1405 2870 Tsai
1435 2820 1498 2888 ugo

228 3196 412 3267 prestaretur
426 3210 434 3248 a
448 3185 516 3247 illud
536 3207 604 3266 ergo
624 3188 810 3265 potissimum,
834 3186 888 3248 hoc
909 3186 1025 3249 honoris
1048 3195 1117 3247 erat
1143 3187 1190 3248 Sic
1203 3186 1295 3265 prima
1313 3180 1421 3259 aestate,
1440 3186 1498 3247 foci

229 3301 340 3379 spiritui
355 3275 398 3363 ‘ff
418 3302 543 3378 impense
563 3299 781 3373 sacrificabatur,
801 3303 875 3379 quod
888 3302 950 3361 siue
962 3302 1025 3360 foco
1040 3321 1091 3361 uec
1104 3301 1164 3360 rita
1182 3320 1235 3360 uec
1254 3299 1325 3358 adeo
1345 3290 1497 3377 spirituum

228 3412 318 3473 errlhrs
331 3423 409 3474 stare
423 3422 535 3491 potcst3
551 3422 581 3474 et
594 3414 660 3474 dein
675 3415 805 3474 Manium
820 3412 1058 3493 Repraeseutatori
1069 3415 1105 3473 ad
1120 3414 1275 3474 libonotum
1287 3413 1497 3473 occurrebatur.

230 3525 273 3586 Ut
286 3546 355 3605 ergo
368 3526 518 3604 praefectus
528 3527 652 3588 insinuet
665 3545 746 3586 suam
761 3528 885 3606 gratiam
899 3546 957 3603 prae
970 3528 1049 3605 regia
1063 3515 1123 3587 esse
1142 3526 1323 3605 captandam,
1346 3545 1376 3585 se
1390 3523 1498 3586 vilioris

228 3639 283 3702 loci
296 3639 427 3700 blandito
440 3638 503 3714 lari,
525 3660 621 3718 regern
644 3640 777 3701 Manibus
789 3642 820 3700 in
835 3640 972 3700 nobiliore
993 3638 1060 3699 aula
1079 3640 1227 3699 honoratis
1247 3647 1403 3717 comparat.
1428 3638 1499 3701 Res·

229 3753 336 3830 pandet
359 3751 514 3813 coeluum
533 3754 642 3814 nemini
655 3752 839 3826 adulandum,
861 3774 897 3812 ne
910 3753 984 3812 ratio
999 3752 1125 3830 adeoque
1139 3751 1239 3813 caelum
1261 3752 1430 3823 offendatur,
1450 3753 1497 3812 oui

229 3885 327 3925 omnes
339 3867 454 3945 spiritus
466 3866 659 3944 subjiciantur.
678 3899 720 3912 -
736 3864 838 3928 Recole
851 3866 994 3943 quomodo
1008 3864 1077 3925 illud
1091 3845 1132 3931 Q
1148 3840 1190 3924 ᾗ
1203 3887 1222 3924 a
1238 3866 1323 3925 verbo
1337 3839 1381 3929 ᾖ
1395 3882 1498 3944 excep·

228 3987 300 4051 lum,
316 3978 450 4039 inserviat
464 3981 672 4069 comparationi
685 4003 693 4041 a
707 3979 848 4055 quomodo
863 3981 933 4039 item
946 3955 1090 4051 illudid,
1114 3976 1261 4041 verborum
1276 3978 1408 4056 regimini
1422 3998 1498 4060 saeps

229 4091 409 4169 adjungatur.

268 4199 312 4275 (1)
334 4181 375 4266 J(
389 4214 474 4265 sonat
492 4180 548 4279 'Ra
568 4207 664 4285 agitur
677 4207 713 4267 de
728 4206 845 4267 Tcheou
867 4205 956 4267 Ducis
970 4186 1031 4274 lb]
1050 4182 1204 4271 &isaac
1226 4178 1287 4280 Q,
1301 4206 1401 4268 civitas
1413 4209 1498 4287 regni

229 4314 298 4389 Lon,
313 4336 372 4395 qua
387 4316 518 4378 Ooufucii
531 4328 613 4398 paler
625 4323 826 4399 magistratum
842 4327 978 4399 gesserat.

268 4422 311 4500 (3)
332 4431 499 4512 Sagittandi
519 4432 676 4493 dexteritas
693 4455 750 4494 rrou
765 4434 893 4494 consimit
908 4432 937 4492 in
951 4433 1119 4511 perdurando
1133 4433 1252 4495 coriacei
1261 4435 1337 4514 scopi
1350 4433 1495 4497 umbilico.

266 4539 312 4615 (4)
330 4546 472 4607 Solebant
485 4548 576 4624 reguli
589 4548 627 4606 ad
637 4548 812 4626 parentalem
826 4544 933 4619 aulam,
946 4545 1075 4609 kalendis
1085 4548 1216 4626 cujusque
1226 4549 1340 4622 mensis,
1354 4549 1496 4623 accedam,

227 4666 257 4718 ct
270 4669 396 4721 mactata
411 4679 474 4733 ore,
498 4677 566 4721 aros
579 4660 614 4720 de
628 4660 759 4739 gerendis
778 4679 963 4721 commouere.
985 4661 1049 4722 Mos
1070 4664 1101 4722 iu
1122 4682 1211 4741 reguo
1233 4661 1297 4722 Lou
1318 4662 1496 4723 intermissus

226 4773 315 4835 iuerat
329 4799 337 4837 a
351 4775 414 4834 oris
427 4782 526 4834 tumen
540 4794 556 4834 a
568 4793 654 4836 ceusu
669 4774 781 4853 publico
794 4775 888 4835 adhue
901 4775 1176 4838 subministrabatur.
1201 4796 1205 4803 ·
