3554 5642
565 466 662 510 casua
681 466 937 509 suasura-saus
956 465 1046 509 suros
1379 450 1436 511 577

170 581 241 646 illud
257 582 355 659 lerre;
381 581 407 646 si
423 597 475 647 cor
488 596 547 645 uon
563 589 609 646 est
627 581 705 645 sicut
723 581 841 657 ceteris,
866 586 937 644 tunc
960 579 1056 644 nescis
1075 596 1155 662 tegre
1171 580 1258 644 terre.
1281 578 1314 645 Id
1329 580 1437 645 dicitur

170 711 227 759 non
243 710 431 778 cognoscere
447 711 546 759 rerum
561 694 690 774 speciem
708 691 763 777 (1).

226 810 280 872 13.
304 808 503 873 bleutsiusait
515 828 523 871 :
536 810 699 888 palmarem
716 808 932 890 pugillaremve
947 807 1125 887 pawloniam
1136 808 1183 871 vel
1195 808 1341 886 cetalpam
1353 807 1399 880 (i)
1411 808 1437 871 si

170 922 218 1002 qui
233 922 331 986 velint
346 936 398 987 eas
414 923 505 997 alere,
523 938 627 987 omnes
642 923 740 986 sciunt
755 922 903 1001 quomodo
924 921 1049 984 educent
1064 935 1114 984 eas
1132 941 1139 983 :
1158 921 1183 983 si
1198 928 1305 1002 agatur
1319 922 1356 986 de
1371 938 1436 1001 per·

169 1051 252 1111 sona,
275 1022 342 1116 jam
364 1036 502 1101 nesciunt
522 1035 670 1117 quomodo
692 1037 818 1100 educent
839 1036 932 1098 illam.
963 1035 1041 1098 Num
1056 1040 1102 1098 est
1117 1035 1195 1114 qnod
1217 1050 1302 1098 amor
1316 1036 1362 1099 sui
1377 1051 1436 1100 uon

168 1150 317 1229 adaequat
332 1150 511 1229 pawlouiam
526 1155 555 1213 et
571 1151 738 1228 catnlpamt
759 1148 834 1211 liedt
848 1148 973 1211 attentio
988 1148 1156 1211 admodum.

226 1264 280 1326 tt.
304 1263 451 1327 blentsius
461 1263 522 1326 ait:
536 1264 625 1327 borno
636 1278 708 1345 erga
719 1277 839 1341 corpus,
857 1261 1038 1340 conjunctim
1053 1260 1127 1325 illud
1142 1268 1237 1338 amat;
1256 1261 1437 1341 conjunctim

168 1375 241 1440 illud
256 1383 352 1451 amat,
369 1377 502 1455 adeoque
524 1375 704 1454 coniunctim
721 1375 794 1438 illud
810 1376 878 1449 alit;
899 1391 953 1438 nec
968 1374 1058 1455 palmi
1074 1375 1247 1455 pollicisque
1269 1376 1437 1454 pelliculam

168 1505 226 1553 non
249 1497 345 1565 amat,
372 1491 504 1568 adeoque
526 1506 581 1554 nec
603 1489 694 1569 palrni
720 1489 892 1569 pollicisque
917 1488 1085 1567 pelliculam
1108 1504 1167 1552 uou
1188 1488 1250 1552 alit.
1275 1487 1313 1552 at
1327 1506 1364 1552 ex
1379 1505 1437 1569 quo

169 1604 322 1668 examinet
335 1618 374 1667 au
388 1603 419 1667 id
434 1613 514 1668 recte
529 1604 577 1668 vel
594 1604 682 1678 male,
706 1604 757 1681 qul
779 1602 837 1666 erit
857 1602 996 1666 aliunde?
1011 1616 1028 1663 a
1044 1602 1141 1681 seipso
1166 1603 1302 1665 desumat
1323 1603 1391 1677 boc,
1408 1609 1439 1666 et

168 1716 209 1780 nil
221 1717 354 1797 amplius
364 1718 420 1789 (3).
445 1716 578 1780 llembra
592 1716 672 1780 euim
688 1724 757 1779 sunt
772 1715 916 1779 nobiliora
931 1716 978 1778 rel
994 1714 1183 1797 ignobiliora,
1201 1722 1271 1777 suut
1286 1730 1376 1795 parva
1391 1716 1437 1780 vel

169 1845 280 1912 magna
299 1849 307 1893 :
326 1845 385 1893 non
401 1837 447 1893 est
462 1836 583 1910 propter
598 1845 689 1908 parva
706 1829 872 1893 nocendum
896 1829 1025 1910 magnis,
1043 1842 1102 1891 non
1119 1834 1239 1907 propter
1260 1828 1438 1910 ignobiliora

169 1944 338 2008 nocendum
364 1943 569 2007 nobilioribus.
598 1940 654 2013 Oui
676 1943 755 2008 lovet
776 1942 897 2006 illorum
922 1942 1037 2005 minora
1052 1949 1098 2005 est
1113 1942 1239 2022 exiguus
1264 1942 1368 2017 bomo;
1387 1942 1437 2022 qui

169 2056 248 2120 fovet
263 2072 370 2120 eorum
386 2056 499 2135 majora
510 2062 557 2120 est
567 2071 695 2138 magnus
710 2056 766 2119 vir.
789 2054 833 2118 Sit
842 2055 970 2135 exempli
986 2054 1082 2136 gratia
1098 2062 1231 2118 satorum
1246 2056 1435 2136 praeses(l);

169 2170 194 2233 si
208 2170 372 2252 negligens
386 2170 454 2233 illas
469 2170 640 2235 sterculium
650 2177 681 2233 et
691 2170 850 2248 catelpum,
867 2170 972 2232 educet
988 2169 1042 2232 bas
1059 2170 1217 2232 rhamnum
1228 2176 1258 2232 et
1268 2169 1435 2251 cinyphum,

167 2283 228 2364 jam
243 2282 417 2348 censebitur
432 2283 514 2347 mdis
529 2284 608 2347 horti
623 2299 744 2364 praeses
757 2282 816 2359 (5).
839 2281 895 2355 Oui
909 2283 993 2345 aleus
1007 2298 1094 2345 suum
1111 2297 1204 2345 unum
1222 2282 1347 2365 digitum
1364 2283 1436 2347 ami·

169 2396 241 2460 serit
261 2413 353 2460 suurn
374 2398 533 2461 humerum
548 2404 578 2461 et
592 2397 727 2472 dorsum,
749 2396 820 2476 quin
842 2396 1027 2477 cognoverit,
1050 2395 1164 2459 scilicet
1178 2401 1254 2458 esta
1271 2395 1332 2475 lupi
1347 2412 1437 2460 cursu

169 2510 259 2575 bomo
271 2508 329 2594 (6).
348 2510 434 2574 Potui
444 2516 474 2573 et
484 2511 548 2574 esui
563 2510 663 2586 dediti,
682 2509 794 2573 scilicet
809 2508 859 2571 alii
869 2524 944 2589 quos
958 2508 1153 2587 vilipendunt,
1171 2508 1240 2587 quia
1253 2509 1308 2589 ipsi
1323 2509 1437 2573 alentes

169 2639 273 2702 parva,
293 2624 365 2687 binc
382 2624 523 2686 amittunt
544 2639 665 2705 magna.
689 2622 719 2686 Si
736 2623 830 2686 vinosi
846 2629 875 2686 et
891 2622 1064 2685 lurcubnndi
1085 2620 1233 2697 homines,
1251 2637 1310 2687 non
1325 2622 1436 2701 aliquid

169 2737 355 2813 amitterent,
381 2744 451 2801 tuuc
465 2752 500 2802 os
514 2743 545 2800 et
559 2742 664 2801 ventu
685 2738 736 2817 qul
758 2742 873 2799 tantum
898 2735 1126 2799 aestimarentur
1150 2735 1241 2813 palmi
1264 2735 1437 2815 pollicisque
1505 2730 1509 2739 ’

169 2851 328 2930 pelliculae
345 2854 410 2934 till

227 2965 279 3028 15.
306 2965 397 3046 liong
412 2971 463 3028 tou
474 2970 519 3028 tse
530 2965 720 3046 interrogans
734 2963 776 3027 ait
788 2983 795 3027 :
808 2978 901 3042 aeque
916 2969 986 3025 sunt
1002 2960 1152 3038 bomines;
1171 2960 1262 3041 aliqui
1277 2970 1437 3026 censentur

169 3078 271 3159 magni
295 3077 444 3154 homines,
461 3077 512 3141 alii
527 3085 687 3142 censentur
708 3077 791 3159 parri
813 3076 963 3152 bomines;
989 3080 1062 3138 curt
1088 3075 1232 3138 blentsius
1257 3074 1433 3154 respondit:

167 3471 235 3513 uum
249 3464 331 3514 recte
344 3473 374 3513 so
387 3463 478 3532 gerat7
493 3453 619 3515 deducet

203 3558 253 3638 (4)
273 3566 431 3626 Praefectus
445 3566 519 3627 horti
534 3568 613 3645 regii,
628 3576 660 3626 nt
673 3567 762 3627 habet
777 3565 892 3628 'I'cheou
906 3565 935 3628 li.

205 3671 250 3750 (5)
271 3662 317 3742 iffi
335 3689 454 3756 quatuor
477 3680 565 3740 babet
586 3682 701 3758 species,
721 3658 756 3741 Ε
773 3662 829 3754 iffi,
847 3656 888 3738 ii*
902 3661 959 3750 iffi,
977 3656 1015 3741 iffi
1032 3659 1073 3739 iii
1089 3689 1118 3739 et
1132 3658 1175 3740 iii
1191 3656 1231 3738 iffi
1249 3684 1372 3754 :quarta
1392 3688 1435 3739 eal

166 3793 301 3852 utensilia
316 3791 503 3871 platunifolis.
525 3791 654 3871 Catalpoe
669 3799 792 3871 quatuor
814 3802 882 3854 suut
894 3795 1011 3852 nomina
1026 3769 1082 3865 ἦ,
1099 3769 1155 3863 iffi,
1170 3764 1217 3858 ἢ
1231 3765 1316 3861 etffl
1332 3813 1339 3850 ε
1353 3793 1436 3853 srbo-

167 3924 229 3964 rum
242 3926 344 3984 regem
359 3914 469 3964 vocent.
493 3905 636 3983 Ziayphus
649 3906 725 3966 urlts
737 3907 841 3966 dicitur
854 3884 910 3977 fi,
924 3907 1069 3983 sylvestris
1081 3906 1183 3966 dicitnr
1200 3884 1255 3968 U.

207 4010 254 4088 (6)
275 4020 377 4098 Lupus
391 4027 475 4078 acuto
497 4021 655 4097 retrospicit
668 4022 729 4079 ecia
744 4044 751 4079 ε
767 4030 797 4079 st
813 4034 829 4079 a
845 4021 1026 4079 venatoribus
1038 4029 1128 4091 sotus,
1151 4039 1325 4098 praepropere
1338 4021 1434 4093 currit,

169 4133 260 4210 impar
270 4134 333 4211 jam
348 4144 462 4191 mutum
487 4134 578 4193 visum
593 4135 763 4193 exercendi:
778 4134 840 4193 ideo
855 4134 883 4193 iu
898 4133 1137 4209 comparationem
1163 4134 1323 4193 assumitur.
1352 4131 1435 4192 Cete-

168 4265 240 4317 rum,
263 4265 363 4323 quaea
375 4244 443 4323 lupo
466 4246 643 4305 deducuntur
666 4247 897 4324 comparationes,
920 4244 1012 4322 plures
1031 4254 1105 4304 sunt.
1136 4245 1184 4305 Sic
1196 4247 1232 4306 de
1245 4219 1433 4309 helluoneff

173 4330 225 4431 ff,
246 4360 283 4419 de
297 4379 399 4436 rapace
414 4330 455 4421 fi
472 4334 529 4430 ¹,
543 4360 578 4418 de
594 4359 697 4418 minaci
720 4360 823 4418 iutuitu
841 4331 882 4422 fi
899 4337 954 4428 ἦ,
968 4358 1004 4416 de
1017 4359 1133 4418 turbato
1148 4359 1257 4419 incessu
1272 4330 1313 4420 ff
1332 4332 1384 4430 ff,
1398 4358 1433 4418 ds

169 4471 311 4549 versipelli
326 4443 430 4543 Μ,
439 4473 474 4533 de
481 4473 620 4550 pervicaci
634 4444 737 4543 Μ,
748 4471 906 4548 dejecturse
916 4470 1024 4530 iocurio
1033 4441 1074 4533 ᾗ
1083 4449 1139 4542 ἢ,
1150 4471 1434 4549 defoedsdissipatio·

170 4556 306 4648 nest-ff
312 4629 319 4656 ,
329 4585 364 4644 de
372 4586 480 4646 absono
488 4585 681 4661 inaequalitate
688 4593 739 4643 aut
749 4602 908 4662 progressus
917 4582 1084 4645 difficultate
1095 4556 1184 4647 ΜΗ
1190 4584 1313 4663 ,psssim
1320 4584 1432 4644 dieitur.

209 4693 256 4769 (t)
275 4678 318 4762 fl
335 4673 377 4763 iffi
394 4718 452 4759 non
464 4699 587 4778 precise,
601 4717 660 4761 non
672 4704 794 4756 tantum.
