3574 5664
579 535 581 538 >
596 525 692 569 curun
711 524 830 568 sexuum
842 524 970 569 -ωε
988 524 1078 568 aaron
1410 510 1468 569 295

192 638 356 723 sexaginta
374 637 614 722 septuagintare,
630 638 678 702 uel
693 639 783 702 etiam
798 636 1013 720 quinquaginta
1031 639 1222 721 sexagintaue
1238 638 1413 705 stadiorum.
1438 640 1469 704 Si

194 754 307 819 K‘icou
320 752 565 817 administrarem
580 751 665 828 illud,
682 751 868 816 continenter
878 752 914 815 ad
926 760 987 816 tres
1001 767 1107 828 annos,
1124 768 1242 832 possem
1257 751 1372 818 efficere
1381 760 1416 817 ut
1426 755 1469 819 lo·

198 868 350 948 cupletem
366 866 510 948 populum
523 884 530 927 :
543 871 575 927 at
583 865 680 945 quoad
695 865 761 945 ejus
774 865 849 929 ritus
858 870 889 929 et
898 864 1055 941 musicam,
1067 865 1098 929 id
1107 872 1295 944 expectarem
1310 867 1468 946 sapientio-

199 997 264 1046 rem
278 982 339 1059 (l).
358 981 468 1055 T‘cbe,
481 984 513 1041 tu
523 993 594 1043 vero
610 978 778 1058 quomodot
794 978 987 1058 Respondens
1002 977 1044 1041 ait
1056 997 1063 1041 :
1077 994 1135 1043 uon
1151 979 1247 1043 dicam
1262 995 1311 1043 me
1322 980 1351 1043 id
1362 997 1465 1059 posse:
1566 1012 1569 1017 ·

201 1094 252 1159 sed
274 1093 413 1158 desidem
434 1091 595 1156 addiscere.
625 1093 659 1157 lu
681 1091 878 1172 parentalium
901 1092 1038 1155 sanorum
1059 1092 1159 1168 rebus,
1184 1098 1272 1170 atque
1294 1094 1469 1175 regulorum

201 1206 372 1273 accessibus
392 1204 656 1297 conuentibusque,
674 1221 742 1270 cum
757 1204 840 1269 busca
855 1213 938 1270 veste
953 1204 1099 1286 nigroque
1118 1204 1237 1285 pileolo,
1255 1206 1363 1271 vellem
1378 1222 1469 1289 agere

202 1336 328 1402 parrum
350 1318 560 1385 administrum
575 1318 633 1397 (ἲ).
655 1321 693 1383 llt
708 1325 740 1384 tu
755 1318 828 1383 lien
850 1319 1023 1399 quomodo?
1045 1320 1215 1383 Pulsatione
1237 1319 1358 1383 cithara
1377 1320 1469 1384 inter·

204 1435 306 1510 mssa,
330 1434 456 1498 resultat
475 1431 573 1495 adhue
587 1448 694 1509 souus;
712 1432 832 1512 deponit
851 1432 997 1496 citharam
1013 1437 1044 1496 et
1057 1432 1200 1513 assurgit,
1228 1433 1470 1512 respondensque

203 1548 243 1611 ait
268 1566 276 1611 :
301 1546 405 1612 differo
430 1560 448 1608 a
470 1544 561 1608 tn'um
585 1545 797 1625 discipulomm
822 1545 956 1610 consilio.
985 1545 1143 1610 Conlucius
1166 1545 1208 1608 ait
1229 1565 1237 1609 :
1259 1545 1330 1625 quid
1355 1545 1470 1611 obicit?

127 1714 132 1719 .
204 1676 293 1742 porro
308 1660 434 1740 qusque
448 1658 520 1724 dicit
534 1673 619 1722 snam
640 1658 829 1724 seumnbam.
851 1657 902 1723 lit
918 1678 926 1722 ε
943 1659 1105 1723 excedente
1123 1673 1205 1735 uere,
1222 1659 1322 1722 uernis
1336 1659 1470 1723 uestibus

202 1775 263 1854 jam
279 1774 434 1849 contectis,
452 1787 520 1836 cum
535 1772 652 1850 pilentis
666 1772 797 1851 quinque
811 1788 901 1837 sexve
916 1772 999 1850 viris,
1016 1778 1047 1836 et
1063 1771 1230 1850 iunioribus
1245 1788 1297 1836 sex
1317 1778 1470 1852 septemve

204 1887 433 1952 adolescentulis
453 1884 534 1949 ablui
553 1886 584 1949 iu
606 1900 694 1950 amne
715 1885 738 1962 I,
765 1899 870 1948 auram
891 1891 1011 1965 captare
1029 1885 1061 1949 in
1076 1886 1144 1949 luco
1164 1884 1210 1951 On
1232 1902 1282 1969 yu,
1304 1900 1469 1965 versusque

205 2001 336 2065 mnendo
352 1999 462 2064 reverti
476 1997 534 2073 (3).
557 1998 715 2064 Gonbrcius
729 1999 878 2081 gementis
891 2000 987 2063 instar
1002 1997 1166 2078 suspirans,
1183 1999 1226 2062 ait
1242 2020 1249 2062 :
1267 2013 1325 2081 ego
1338 2004 1384 2062 sto
1399 2015 1468 2063 cum

205 2114 278 2178 'lien
298 2113 357 2191 (i).
385 2112 494 2177 Tribus
514 2112 667 2193 discipulis
689 2112 831 2194 egressis,
855 2113 957 2194 Tseng
976 2111 1001 2174 si
1022 2126 1099 2192 pone
1123 2118 1257 2177 moratus
1278 2120 1324 2176 cst
1341 2133 1349 2175 ε
1367 2113 1470 2195 Tseng

207 2227 316 2293 utone
335 2226 378 2290 ait
395 2246 402 2290 :
419 2226 471 2290 illa
494 2225 585 2289 trium
607 2225 818 2306 discipulorum
839 2224 930 2290 uerba
952 2226 1003 2304 qui
1024 2240 1057 2290 se
1078 2224 1209 2291 babenti
1233 2224 1392 2291 Gontucius
1406 2225 1467 2302 ait3

207 2340 356 2405 enimuero
371 2340 496 2420 quisquo
518 2339 697 2421 significavit
712 2355 799 2403 suum
821 2338 1018 2419 propositum,
1035 2345 1066 2403 et
1079 2339 1154 2403 nibil
1173 2339 1312 2419 amplius.
1341 2338 1469 2419 Subiun-

207 2453 249 2535 xit
265 2473 272 2516 :
289 2460 321 2516 at
336 2453 481 2535 magister
495 2468 587 2532 quare
602 2452 724 2517 subrisit
738 2452 882 2532 discipulo
897 2453 1003 2517 Ycout
1030 2453 1158 2532 Repouit
1174 2473 1182 2515 :
1200 2452 1469 2517 administrandum

209 2582 333 2649 regnum
346 2566 433 2645 juxta
455 2567 530 2630 ritus
548 2585 556 2629 :
573 2565 639 2646 eius
653 2574 753 2630 autem
772 2565 862 2629 verba
882 2581 942 2630 non
962 2575 1048 2629 crant
1062 2564 1238 2643 submissae
1252 2566 1309 2630 bac
1323 2565 1360 2630 de
1378 2580 1469 2629 causa

209 2679 313 2745 subrisi
326 2679 383 2744 illi.
403 2678 443 2743 lt
456 2677 566 2744 ll‘ieou
585 2695 657 2742 uero
677 2679 821 2758 numquid
836 2695 896 2743 uon
910 2678 947 2743 de
962 2683 1078 2760 regno?
1103 2680 1262 2759 Ecquando
1278 2679 1388 2754 vidisti,
1406 2694 1469 2743 res-
1532 2746 1536 2751 ,
1656 2694 1663 2703 ·

208 2792 313 2872 poudet
327 2792 498 2870 consocius,
510 2793 557 2858 uel
569 2792 724 2875 sexaginta
739 2793 964 2874 septuagintaue
979 2797 1031 2855 aut
1045 2792 1260 2873 qninquaginta
1276 2791 1470 2873 sexagintavo

207 2906 310 2982 stadia,
327 2907 399 2985 quin
414 2913 493 2970 esset
509 2922 636 2988 reguum
651 2906 718 2983 (bit
742 2903 781 2969 tt
795 2906 890 2969 T‘cbe
905 2905 968 2985 ipse
982 2905 1115 2985 nunquid
1130 2921 1188 2970 uon
1205 2905 1241 2969 de
1256 2910 1369 2987 regnet
1390 2903 1468 2968 Gen·

207 3019 291 3083 tilitia
306 3034 403 3094 sacra,
426 3020 582 3100 respondet
605 3018 774 3096 Goniucius,
792 3026 822 3082 et
836 3019 1029 3097 particulares
1053 3019 1268 3101 generalesque
1289 3024 1467 3095 conventus,

206 3132 231 3195 si
244 3148 304 3196 non
319 3132 505 3214 regulorum,
518 3131 644 3212 alcuius
658 3136 766 3196 erunt?
780 3132 818 3196 Et
832 3131 858 3195 si
873 3131 970 3197 'l‘cbe
984 3131 1141 3197 babebitur
1155 3147 1265 3214 paruus
1279 3131 1466 3209 administer,

206 3245 270 3326 quis
285 3244 395 3326 poterit
409 3244 513 3310 baberi
528 3250 676 3328 magnust
744 3320 747 3327 ‚

205 3526 305 3596 praeter
314 3517 391 3576 enim
403 3524 526 3593 quatuor
534 3525 693 3593 temporum
705 3514 875 3587 clientelam,
887 3535 1002 3575 vernam
1012 3488 1064 3585 ᾗ,
1073 3517 1200 3574 aestivam
1210 3494 1262 3587 iii,
1271 3514 1469 3578 arrtumnalem

206 3609 263 3701 Ι,
276 3628 472 3705 ethiemalcm
495 3607 554 3701 iffi,
575 3639 637 3689 erat
660 3629 793 3688 fortrntns
817 3601 1017 3701 basanelli
1046 3609 1157 3694 filex
1183 3627 1345 3705 particulari
1368 3628 1468 3706 aliqua

205 3744 359 3808 occaaione,
371 3750 400 3801 et
411 3743 576 3802 universalis
588 3751 678 3802 ooetus
690 3715 745 3808 (fii
761 3723 823 3811 ἦ),
839 3762 901 3801 curu
915 3742 1081 3801 durulecimo
1094 3760 1206 3818 quoque
1220 3761 1297 3800 anno
1311 3742 1470 3819 imperator

205 3855 262 3934 ipse
275 3853 389 3933 regulos
403 3874 460 3912 non
473 3854 644 3915 lustraverit.
678 3834 779 3920 ἤθει]
795 3827 837 3913 ἶ
853 3833 902 3928 ff,
918 3853 1027 3914 ritualia
1040 3855 1125 3913 vestis
1139 3872 1175 3913 ex
1190 3855 1285 3932 amplo
1299 3873 1393 3931 pauno
1407 3854 1465 3916 fias·

204 3988 293 4047 eoque
316 3966 425 4044 colore;
443 3945 486 4027 ᾗ
501 3943 558 4042 ffi,
573 3968 680 4029 ritualia
703 3966 819 4046 pileolus
832 3968 885 4028 sub
899 3968 1033 4045 dynastia
1053 3965 1165 4044 Chang,
1181 3987 1218 4027 ex
1231 3967 1305 4027 iiiito
1319 3970 1391 4045 tela3
1415 3969 1469 4030 snb

204 4081 337 4160 dynastia
350 4081 412 4141 Hia
426 4059 467 4143 st
486 4055 544 4155 ig,
559 4090 589 4142 et
601 4083 653 4142 sub
664 4081 798 4159 dynastia
814 4081 928 4141 Tchcoo
943 4060 987 4145 ᾗ
1005 4055 1046 4139 ἦ
1059 4079 1159 4138 dictus

242 4189 287 4265 (3)
307 4193 440 4273 Antiqui,
456 4193 592 4269 vigesimo
604 4195 697 4254 maalle
711 4213 797 4265 anno,
811 4193 885 4273 pileo
897 4193 1084 4254 donabantur.
1103 4191 1207 4252 Amnis
1221 4193 1246 4267 1,
1260 4193 1298 4253 ad
1310 4193 1373 4253 Lon
1388 4167 1469 4256 urbis

204 4317 340 4380 austrum,
354 4308 463 4367 sontem
477 4305 603 4368 habebat
617 4307 783 4386 tepescentis
797 4326 887 4385 aquae
910 4306 956 4367 On
969 4325 1008 4383 yu
1022 4306 1185 4366 umbrosum
1199 4314 1261 4367 erat
1274 4326 1384 4380 nemus,
1398 4325 1467 4383 qno,

203 4420 299 4501 pluvia
310 4421 466 4493 deliciante,
479 4421 550 4482 ooeto
563 4419 782 4501 supplicabatur.
807 4394 853 4485 ἓ
862 4427 946 4480 sonat
961 4397 1018 4496 *ς
1036 4398 1077 4483 Β
1092 4419 1140 4482 hic
1152 4422 1196 4479 e‘st
1209 4437 1312 4480 manus
1324 4402 1467 4498 pedesque

204 4534 322 4597 abluam.

217 4674 222 4683 ·
237 4643 283 4721 (4)
303 4647 807 4710 licueratmasorteaineambitione
816 4655 973 4707 contentos.
985 4621 1464 4721 sseemndotonontareabaliqno.

233 4755 279 4839 (ὅ)
301 4763 377 4825 Tres
388 4761 489 4843 utique
498 4761 534 4823 de
553 4780 643 4841 reguo
655 4770 791 4840 egeruut3
806 4780 865 4821 non
878 4780 954 4840 ergo,
968 4760 1045 4840 qnod
1054 4760 1090 4822 de
1099 4780 1187 4839 reguo
1200 4766 1337 4837 ageretur,
1351 4758 1465 4819 subint

270 4898 296 4941 11
1345 4872 1384 4927 38
