3556 5664
554 477 650 521 cautu
671 477 828 522 mcuuourr
841 481 968 523 -raus
984 481 1075 524 aaron
1383 468 1443 527 tta

229 589 261 655 l.
285 590 436 655 blentsius
449 589 489 654 ait
502 609 510 653 ε
523 590 548 654 si
562 591 639 670 pius,
657 597 729 655 ωηο
743 591 839 674 gloria
852 611 860 655 ε
873 608 932 656 ηοη
944 593 1020 673 pius,
1035 604 1105 661 tunc
1116 598 1252 662 dedecus.
1273 597 1358 663 Nunc
1373 598 1441 662 ode-

170 711 242 767 runt
258 703 392 769 dedecus
401 711 431 771 et
440 706 637 769 immorantur
645 704 874 781 inhumanitate,
892 723 998 787 nempe
1012 710 1090 773 sicut
1100 711 1232 776 odissent
1247 711 1400 775 madorem
1411 716 1443 774 et

168 817 343 883 incolerent
356 819 429 882 ima.
440 819 470 882 Si
479 818 746 895 aversenturillud,
760 818 833 882 nihil
845 820 1042 901 potiusquam
1053 824 1289 907 magnifaciendo
1300 823 1445 889 uirtutem

168 930 326 997 bonorare
333 933 490 1008 litteratos,
501 932 649 1012 sapientes
656 933 795 997 constitui
802 932 996 1014 indignitate,
1005 935 1126 1002 idoneos
1133 936 1272 1002 constitui
1280 936 1309 1000 in
1318 937 1439 1014 muniis,

167 1044 249 1108 etsi
273 1045 463 1125 respublica
485 1045 545 1110 otio
567 1053 663 1124 vacet,
690 1053 809 1126 arrepto
829 1047 881 1111 illo
904 1053 1047 1129 tempore,
1075 1051 1205 1115 revisere
1224 1049 1318 1129 ipsius
1338 1050 1442 1115 civiles

168 1159 472 1241 poenalesquclegos.
491 1157 587 1223 Etiam
599 1158 955 1243 magnaregnaprofecto
974 1162 1189 1228 reverebuntur
1210 1163 1289 1226 illos.
1314 1164 1441 1228 Carmen

171 1269 211 1354 (Ι.
225 1273 305 1336 155.
315 1270 325 1356 )
336 1272 452 1352 inquit:
469 1274 657 1352 «usquedum
673 1275 783 1337 caelum
793 1289 852 1338 non
869 1274 1046 1341 nubilarerit
1056 1282 1088 1340 et
1098 1277 1219 1357 pluerit,
1236 1284 1375 1356 excerpta
1389 1277 1441 1340 illa

168 1385 248 1450 mori
265 1385 378 1463 radice,
395 1395 477 1450 arcte
491 1386 638 1451 connexui
653 1387 855 1452 fenestrellam
870 1394 900 1452 et
915 1387 1070 1453 forioulam
1083 1409 1091 1453 ε
1104 1406 1183 1453 nunc
1197 1389 1324 1453 istorum
1341 1389 1440 1453 inferi·

167 1514 257 1562 orum
276 1500 445 1575 bominum,
461 1500 570 1578 aliquis
584 1501 663 1565 ausit
677 1501 821 1565 insultare
837 1501 954 1566 milit»
978 1502 1135 1567 Confucius
1149 1503 1192 1566 ait
1209 1523 1217 1567 ε
1235 1503 1286 1583 qui
1300 1503 1370 1568 fecit
1385 1504 1442 1569 boc

167 1628 309 1688 carmen,
324 1613 376 1677 ille
391 1627 490 1677 nonne
510 1613 636 1677 callebat
658 1612 812 1694 politiamr
836 1613 866 1677 Si
882 1615 974 1694 possit
989 1615 1064 1680 bene
1079 1632 1185 1699 regere
1199 1633 1284 1681 suam
1300 1618 1441 1681 socialem

167 1723 330 1802 familiam,
357 1726 424 1806 quis
448 1725 567 1790 audebit
590 1726 716 1792 illudere
731 1726 795 1790 illif
822 1728 908 1793 Nunc
928 1744 1012 1806 vcro,
1029 1729 1054 1792 si
1069 1746 1118 1794 res
1133 1731 1249 1810 publica
1264 1731 1324 1795 otio
1340 1738 1438 1808 vacat,

166 1845 292 1917 arrepto
313 1840 371 1904 boc
391 1846 535 1931 tempore,
560 1840 717 1922 indulgent
742 1840 943 1921 voluptatibus
958 1849 987 1906 et
1004 1843 1081 1924 pigri
1096 1844 1279 1909 insolescunt
1296 1864 1303 1907 ε
1322 1844 1379 1909 ηοο
1393 1851 1440 1908 est

167 1949 224 2014 slbi
239 1951 409 2017 adsciscere
430 1951 565 2016 exitium.
594 1952 756 2018 infelicitas
770 1959 801 2019 et
815 1953 939 2018 felicitas
954 1956 1036 2019 nulla
1051 1963 1108 2034 est,
1126 1973 1215 2037 quam
1229 1974 1289 2020 non
1305 1956 1360 2019 sibi
1376 1957 1439 2036 ipse

167 2063 236 2143 quis
251 2065 423 2129 adsciverit.
441 2065 567 2130 Garmen
580 2064 650 2151 (ΙΙΙ.
668 2064 714 2150 l.)
730 2066 847 2146 inquit:
864 2093 877 2124 u
892 2083 1010 2148 semper
1024 2069 1190 2151 cogitantes
1204 2071 1355 2134 adbaerere
1370 2071 1438 2135 omli

168 2178 325 2255 mandato,
341 2179 477 2258 ipsismet
490 2181 648 2245 accersctis
664 2180 789 2244 multam
805 2180 974 2246 felicitatem
992 2178 1074 2266 (1).»
1097 2183 1166 2247 'l‘ai
1182 2183 1229 2247 lia
1243 2182 1341 2263 inquit
1357 2204 1364 2246 :
1387 2184 1438 2248 usi

166 2290 291 2355 coelitus
311 2300 459 2375 exurgant
483 2294 679 2371 calamitates,
706 2294 804 2358 adbuc
828 2294 938 2374 poteris
962 2295 1136 2361 declinare:
1155 2296 1180 2360 si
1200 2297 1325 2377 ipsemet
1347 2296 1438 2385 facias

167 2405 371 2480 calamitates,
388 2422 448 2469 nou
463 2406 575 2485 poteris
590 2407 698 2471 vivere.
713 2432 727 2463 s
750 2406 813 2472 Ηοο
828 2408 906 2487 quod
921 2407 1065 2473 dicebam.

226 2519 259 2583 5.
285 2518 429 2582 llentsius
444 2519 486 2583 ait
502 2536 511 2583 :
529 2521 656 2584 bonoret
675 2522 741 2601 quis
761 2522 922 2600 sapientes,
947 2528 1047 2585 utatur
1061 2522 1186 2599 idoneis,
1209 2524 1326 2589 dotibus
1347 2542 1436 2605 praes·

109 2647 113 2655 ·
167 2631 317 2696 tantiores
342 2632 561 2697 constituantur
581 2633 612 2696 in
634 2632 828 2716 dignitatibus
851 2631 912 2719 (2);
943 2641 1014 2699 ωηο
1039 2635 1156 2716 imperii
1186 2637 1307 2702 litterati
1332 2655 1437 2705 omnes

166 2745 355 2827 gaudebunt,
377 2752 407 2810 et
421 2745 541 2825 cupient
556 2754 636 2811 stare
650 2747 680 2811 in
695 2747 776 2813 illius
792 2748 886 2831 regia.
913 2747 948 2812 ln
964 2748 1039 2825 foro,
1066 2750 1188 2814 obicinae
1202 2758 1232 2815 et
1246 2767 1306 2815 uon
1322 2768 1436 2818 merces

166 2858 227 2923 sint
252 2858 429 2941 vectigales,
457 2861 503 2923 rel
522 2861 563 2924 sit
587 2861 766 2937 moderator,
792 2877 848 2927 nec
872 2863 932 2926 sint
955 2862 1077 2926 officina
1101 2864 1263 2947 vectigales
1281 2862 1342 2948 (3);
1365 2872 1436 2930 ωηο

166 2971 287 3053 imperii
309 2978 491 3036 mercatores
510 2989 615 3039 omnes
633 2973 816 3055 gaudebunt,
840 2982 870 3040 et
884 2975 1003 3055 cupient
1018 2977 1165 3056 deponere
1180 2994 1295 3042 merces
1308 2978 1340 3042 in
1354 2979 1435 3043 illius

166 3084 249 3149 loris.
276 3084 321 3147 bd
335 3087 465 3149 claustra
480 3087 578 3168 regni,
594 3086 779 3170 invigiletur,
797 3095 827 3151 at
842 3105 901 3153 non
917 3089 1055 3171 exigatur
1069 3090 1214 3172 vectigu13
1233 3097 1303 3154 tunc
1318 3092 1434 3171 imperii

165 3198 300 3264 uiatores
319 3212 423 3262 omnes
443 3199 623 3282 gaudebunt,
649 3208 679 3265 et
693 3200 813 3280 cupient
826 3202 928 3284 egredi
943 3203 973 3264 in
989 3202 1082 3282 ipsius
1097 3203 1171 3266 rias.
1203 3203 1349 3286 Agricolae
1364 3205 1435 3270 dent

166 3311 332 3392 suppetias,
344 3313 395 3376 sed
407 3327 465 3376 non
476 3314 594 3377 solvant
605 3314 759 3391 tributum;
776 3321 847 3379 ωηο
856 3315 972 3395 imperii
986 3316 1125 3397 agricolae
1135 3331 1239 3381 omnes
1249 3318 1430 3399 gaudebunt,

165 3431 195 3488 et
204 3426 328 3505 cupierat
338 3426 463 3489 ararein
474 3426 555 3490 illius
564 3427 677 3507 campis
689 3424 743 3512 (4).
761 3425 915 3492 Artificum
930 3429 1036 3493 domus
1046 3429 1106 3493 sint
1119 3430 1268 3495 immunes
1282 3431 1433 3496 colonario

203 3670 251 3747 (l)
272 3656 329 3751 ἕ,
348 3679 474 3756 cogitare
487 3678 583 3738 animo
596 3688 626 3739 et
640 3697 773 3757 usrtrparo
787 3679 886 3739 verbis.

203 3783 251 3861 (2)
275 3788 427 3852 Excellens
447 3810 532 3871 super
551 3792 648 3853 decem
669 3769 727 3865 a,
748 3812 832 3872 errper
852 3802 964 3853 centurn
987 3764 1044 3866 ff,
1065 3813 1150 3879 super
1171 3795 1247 3857 mille
1271 3772 1327 3871 ἃ,
1348 3817 1433 3878 super

163 3903 342 3965 decemmille
356 3879 412 3966 Ξ.

201 4010 250 4086 (3)
272 4016 304 4078 Sl
318 4002 487 4080 mematoree
500 4017 592 4093 multI,
604 4039 656 4099 pro
669 4019 787 4080 officinis
797 4030 891 4079 elnon
907 4039 958 4098 pro
971 4020 1108 4082 mercibus
1128 4023 1262 4100 exigatur
1283 4025 1406 4104 vectigal
1420 4050 1430 4089 a

162 4130 186 4189 si
199 4131 292 4210 pauci,
306 4131 344 4191 sit
356 4131 411 4191 sori
424 4133 594 4207 moderator,
607 4133 658 4193 sed
671 4153 723 4193 nec
737 4133 856 4194 officinis
869 4132 991 4214 vectigal
1004 4135 1151 4213 irrogetur.
1167 4110 1208 4195 Ε
1223 4134 1254 4195 fit
1270 4139 1394 4199 verbum.

202 4234 248 4314 (4)
269 4243 417 4322 Adjureut
426 4246 464 4305 ad
473 4244 623 4308 colondum
635 4264 815 4306 communem
827 4266 937 4326 agrum
951 4267 1011 4307 ηοη
1021 4246 1135 4309 solvant
1141 4250 1279 4310 tributum
1290 4270 1328 4310 ex
1338 4252 1430 4330 prire-

162 4356 199 4418 ω
213 4357 300 4436 agris.
320 4356 377 4418 Res
390 4358 549 4437 explicatur
561 4362 655 4440 cupito
667 4360 762 4421 tertio.

266 4560 330 4680 fl.
352 4590 427 4652 Samo
440 4565 516 4677 iffi
529 4588 662 4653 excelsu.
790 4564 883 4767 ’ὦ
910 4578 1036 4666 T‘cuau,
1063 4593 1184 4654 ofliciuae
1208 4601 1395 4653 mercatorum
1417 4615 1427 4655 s
1454 4540 1462 4549 -

174 4681 246 4792 ff,
261 4703 326 4779 Kra,
339 4722 427 4785 supra
438 4703 536 4775 decem
550 4703 703 4769 excellens
906 4706 1008 4767 domos
1021 4707 1206 4786 agricolarum
1224 4706 1351 4767 urbanae.
1369 4746 1378 4777 ,
