3572 5650
620 488 725 531 uruca
746 488 939 538 rumorosus
1372 476 1409 532 to

162 609 226 670 alter
250 611 287 669 ad
299 610 390 688 lyram
404 611 542 670 accedens
557 634 564 670 :
577 612 613 669 de
626 631 660 670 eo
681 611 786 689 privati
800 609 954 687 loquuntur
977 618 1106 671 auctores
1133 613 1178 673 uel
1190 614 1228 672 ab
1251 633 1328 672 anno
1342 624 1410 673 ante

162 724 295 784 Choatuor
310 743 395 801 prupe
410 725 649 801 quingentesimo

194 839 222 897 6⁰
245 838 271 896 Ε
293 837 371 914 ligno
385 846 467 896 eraut
484 841 508 894 1.
524 838 635 896 modius
651 837 832 898 harmonicus
852 837 938 897 tcbou
957 812 1009 911 llla
1023 838 1101 915 cujus
1115 858 1147 898 os
1159 840 1228 899 duos
1246 838 1330 918 pedes
1346 861 1410 899 cum

158 950 308 1027 quadrante
330 949 418 1010 habet
439 951 638 1027 insquadrum,
656 960 686 1011 et
703 955 826 1029 parietes
848 971 911 1010 eom
934 949 1083 1030 pulsabolo
1095 928 1138 1013 ll:
1152 972 1199 1011 seu
1221 952 1351 1012 malleolo
1365 931 1407 1014 ᾗ

156 1065 341 1141 percutiuntur
354 1085 361 1121 ε
376 1067 401 1121 2.
415 1063 498 1141 tigris
512 1061 677 1124 harmonica
687 1084 725 1140 yu
738 1043 782 1127 {l
792 1066 835 1125 vel
849 1038 898 1137 ᾖ,
908 1084 957 1123 seu
972 1064 1053 1142 tigris
1066 1065 1161 1142 lignea
1173 1062 1185 1132 (
1193 1045 1235 1127 7Ιῑ
1248 1037 1309 1132 bb)
1318 1086 1410 1144 capsa

158 1188 206 1236 tres
218 1177 302 1254 pedes
309 1179 392 1235 seruis
401 1175 532 1254 oblongae
541 1177 684 1250 incubans,
694 1178 831 1254 dorsoque
840 1177 947 1237 habens
958 1180 994 1238 27
1006 1178 1104 1237 dentes
1115 1152 1178 1247 (bb
1193 1153 1235 1239 dd
1243 1170 1263 1251 l,
1274 1180 1323 1255 qui
1333 1181 1411 1239 sudi-

155 1291 212 1349 cola
224 1289 309 1349 tehen
321 1259 367 1348 ff
381 1289 574 1369 perfricantur.
595 1295 622 1351 3.
638 1291 703 1349 Huc
713 1294 856 1368 pertinent
866 1301 922 1349 tres
933 1292 993 1351 tubi
1003 1291 1203 1363 moderatores
1213 1300 1274 1364 tou,
1283 1311 1352 1369 yog,
1361 1312 1409 1369 ya,

155 1403 246 1480 quibos
254 1404 344 1462 solnm
356 1402 521 1481 pulsabatur
535 1393 649 1481 (chong
659 1381 698 1465 ᾗ
710 1374 756 1464 lfl
766 1382 821 1464 Β)
831 1384 894 1471 lffi)
904 1404 942 1463 ad
949 1422 1079 1464 numeros
1093 1405 1279 1464 moderandos
1288 1407 1410 1482 :primus

155 1517 399 1588 eratebarubusa,
418 1517 436 1576 7
454 1516 540 1593 pedes
565 1515 675 1594 longus,
699 1520 832 1593 utrinque
856 1526 978 1594 apertus,
1000 1517 1074 1576 binis
1096 1519 1281 1578 foraminibus
1306 1520 1411 1578 uertice

153 1638 282 1708 pertusio,
294 1640 323 1689 et
335 1638 454 1707 utraque
468 1649 556 1688 mauu
570 1630 630 1689 solo
643 1631 872 1708 impingebatur3
892 1628 964 1689 alter
976 1631 1097 1707 quinque
1111 1632 1195 1709 pedes
1209 1632 1294 1691 semis
1306 1630 1411 1709 longus

154 1743 300 1802 urdimlurn
323 1743 458 1815 habebat,
473 1761 532 1817 qua
546 1742 622 1801 uelut
635 1742 741 1820 pistillo
762 1744 950 1820 tundebator3
973 1744 1072 1802 tertius
1094 1743 1213 1822 ligneus,
1235 1745 1320 1802 ovino
1333 1746 1410 1804 corio

154 1856 284 1914 obductus
295 1866 325 1915 et
334 1876 425 1915 crasse
438 1855 538 1927 illitus,
553 1857 678 1933 quinque
691 1857 775 1934 pedes
786 1866 815 1916 et
824 1876 875 1918 sex
888 1855 1002 1933 pollices
1017 1855 1128 1934 longus,
1141 1859 1212 1917 duas
1226 1876 1311 1917 arisae
1324 1856 1411 1918 habe-

153 1969 205 2041 bat,
217 1969 320 2044 quibus
336 1969 599 2046 apprehendebatur
609 1971 646 2028 ad
656 1965 746 2029 solum
757 1969 936 2048 pulsandum,
947 1978 975 2029 et
987 1970 1027 2028 sic
1036 1968 1166 2028 choream
1178 1966 1256 2030 uelut
1266 1981 1411 2030 crusmuta

153 2074 362 2159 (erumpentes)
372 2082 582 2143 moderabatur.

187 2196 215 2255 7·
233 2195 260 2253 E
275 2197 415 2256 bombosa
428 2197 550 2255 confecti
563 2193 700 2275 imprimis
713 2195 814 2257 calami
828 2170 890 2269 (ff
905 2174 973 2271 ἧι),
987 2216 1036 2256 seu
1050 2197 1199 2257 duodecim
1213 2196 1273 2258 tubi
1288 2197 1409 2257 totidem

152 2327 227 2369 runos
249 2310 411 2380 reddentes,
434 2310 511 2386 iique
524 2310 554 2369 in
567 2321 624 2371 tres
645 2312 757 2370 ordines
776 2313 935 2390 compositi,
957 2330 1005 2371 seu
1027 2311 1173 2370 duodecirn
1194 2331 1245 2390 pro
1265 2312 1409 2388 gravibus,

152 2423 261 2482 totidem
275 2443 330 2501 pru
345 2423 450 2493 medis,
465 2425 641 2501 totidemque
654 2443 705 2502 pro
719 2426 810 2484 acutis
823 2425 898 2484 sonis
911 2422 1105 2502 producendis.
1130 2424 1207 2483 Dein
1220 2443 1301 2502 pares
1315 2422 1409 2497 simul,

151 2544 176 2594 et
186 2536 268 2595 simul
281 2538 407 2614 impares
420 2539 582 2611 consociati,
596 2533 680 2597 etita
694 2536 866 2617 compositus
878 2533 1004 2597 calamus
1020 2538 1158 2616 perfectus
1173 2510 1253 2598 lbet
1264 2538 1410 2616 imperfec-

151 2658 190 2708 tus
203 2625 251 2708 l}
273 2649 407 2709 Tandem
421 2657 536 2726 uterque
549 2652 632 2711 simul
646 2650 813 2727 conjunctus
823 2660 852 2711 et
862 2659 971 2724 auctus,
991 2652 1107 2709 nomine
1120 2651 1181 2709 siao
1194 2647 1204 2715 (
1217 2623 1256 2711 ff
1268 2650 1335 2710 olirn
1345 2621 1408 2718 dd)

151 2762 301 2840 appellatus
314 2763 379 2835 fuit,
393 2763 535 2823 sexdecim
556 2773 688 2824 constans
702 2765 810 2835 cicutis,
824 2784 886 2842 quae
900 2761 944 2822 vel
958 2764 1106 2823 duodecim
1130 2782 1229 2840 graves
1243 2773 1272 2822 et
1284 2773 1409 2841 quatuor

150 2877 247 2935 medios
259 2877 420 2936 reddebant
436 2877 573 2949 modulos,
588 2878 631 2936 vel
645 2878 793 2938 duodecim
806 2879 913 2937 medios
926 2885 956 2936 ct
968 2886 1092 2953 quatuor
1105 2884 1219 2952 acutos3
1239 2876 1335 2937 inillis
1347 2876 1410 2936 lou-
1423 2902 1432 2923 ·

149 2992 205 3068 gior
226 2990 315 3049 tubus
338 2986 484 3066 bipedalis,
497 2991 527 3049 in
541 2990 586 3050 his
599 2990 707 3070 pedalis
728 3000 798 3052 erat.
827 2991 935 3067 Syrius
954 2990 1009 3049 ista
1030 2991 1137 3067 duplex
1157 2990 1407 3067 distinguebatur:
1517 3029 1524 3043 ·

150 3102 232 3180 major
245 3080 289 3161 ’ἕ
303 3122 356 3162 seu
370 3073 422 3175 ff,
436 3106 474 3162 ‘23
486 3104 591 3177 ciortis,
604 3075 751 3165 minorae
766 3109 802 3165 16
816 3105 915 3165 cicutis
928 3103 1112 3163 conflabatur.

185 3217 321 3275 Successit
336 3217 416 3289 tibia,
430 3234 520 3293 eaque
533 3218 719 3294 quadruplex,
735 3228 843 3296 aperta,
857 3217 961 3288 clausa,
975 3224 1144 3290 transversa,
1166 3215 1278 3295 duplex.
1310 3214 1408 3278 Prima

38 3290 40 3425 ἑ
152 3302 329 3404 ἕωίάεεί)
350 3329 454 3408 triplici
477 3329 616 3389 foramine
638 3340 753 3411 pertusa
766 3324 834 3405 (sol,
850 3335 886 3405 lo,
900 3319 953 3401 si),
966 3327 1032 3387 licet
1053 3328 1102 3388 alii
1122 3349 1173 3389 sex
1194 3329 1336 3391 foramina
1354 3332 1407 3409 ipsi

38 3428 39 3431 ¹
149 3444 302 3502 attribuant
315 3452 419 3520 :caput
430 3443 516 3504 habet
527 3454 667 3521 apertum,
678 3452 707 3503 et
717 3443 821 3522 triplex
834 3443 1070 3520 distinguebatur,
1083 3442 1172 3519 major
1183 3415 1235 3516 Ε,
1246 3445 1340 3504 media
1355 3418 1407 3517 llll,

148 3557 233 3615 mmor
290 3597 299 3629 ,
314 3567 373 3617 ete
386 3557 505 3635 singulis
518 3557 659 3634 speciebus
672 3557 818 3617 duodecim
832 3559 862 3616 in
875 3555 1057 3617 concentibus
1071 3556 1253 3616 inflabantur.
1276 3557 1408 3618 Secunda

149 3645 239 3730 'dvo
249 3644 305 3745 ff,
320 3671 421 3731 eadem
432 3679 485 3743 est,
496 3671 551 3729 nisi
562 3670 638 3747 quod
651 3678 736 3748 caput
749 3670 856 3730 habeat
868 3667 1044 3748 oppilatum,¹
1052 3669 1177 3746 itemque
1190 3669 1288 3746 major,
1302 3672 1407 3743 media,

148 3784 232 3841 minor
243 3784 460 3861 distinguenda.
491 3784 591 3843 Tertia
605 3761 657 3857 ἢ,
670 3782 737 3843 hina
750 3784 816 3843 inde
828 3782 932 3853 cuasa,
946 3789 976 3840 et
989 3799 1040 3841 sex
1052 3781 1239 3842 foraminibus
1253 3785 1406 3861 perforata,

147 3913 180 3954 ex
192 3897 286 3956 medio
302 3896 475 3974 inflabatur;
490 3896 580 3974 major
593 3904 722 3973 quatuor,
744 3896 835 3956 minor
849 3906 906 3957 tres
919 3892 1028 3973 palmos
1049 3892 1143 3973 longa.
1174 3895 1284 3965 Quarta
1299 3869 1339 3955 ff
1353 3916 1407 3958 sex

147 4008 331 4070 foraminibus
355 4009 477 4083 oculata,
490 4010 521 4069 in
535 4030 569 4069 eo
584 4029 601 4068 a
614 4009 754 4069 monaulis
777 4010 881 4084 differt,
903 4007 979 4086 quod
999 4006 1114 4085 gemina
1128 4008 1165 4068 sit
1178 4009 1318 4087 simulque
1330 4031 1407 4070 com·

146 4131 234 4199 PM&

182 4238 211 4295 8⁰
234 4237 393 4297 cucurbita
405 4238 545 4316 originem
559 4238 679 4316 praebuit
693 4235 819 4297 manuali
832 4256 940 4317 organo
953 4253 1000 4294 seu
1012 4232 1121 4310 fistulae,
1135 4237 1229 4314 cheng
1243 4211 1296 4296 «ἕ
1307 4258 1315 4297 :
1325 4246 1408 4316 apta·

146 4347 225 4409 betur
237 4350 348 4411 scilicet
360 4349 566 4429 colocynthidis
576 4351 665 4413 fundo
675 4349 802 4428 ligneum
817 4359 944 4424 suumin,
953 4348 999 4407 cui
1009 4346 1101 4426 plures
1114 4350 1320 4411 inducebantur
1333 4351 1404 4427 tubi,

146 4469 176 4520 ut
194 4482 231 4523 ex
252 4464 345 4542 figura
366 4473 451 4542 patet
484 4463 574 4525 Varia
592 4464 643 4525 illa
663 4464 728 4537 fuit,
741 4471 771 4523 et
783 4465 895 4526 diversa
916 4461 1098 4523 eruditorum·
1111 4463 1147 4522 de
1167 4464 1231 4544 ipsa
1252 4463 1405 4525 sententia.

148 4572 269 4636 Genseru
282 4576 375 4656 plures
387 4578 574 4657 antiquiorem
594 4598 633 4657 yn
649 4553 691 4639 ff
703 4598 751 4637 sea
764 4565 858 4639 t‘chao
871 4554 914 4642 ff
929 4578 967 4638 24
980 4584 1110 4638 constare
1123 4578 1208 4652 tobis,
1228 4577 1266 4637 ho
1284 4556 1322 4636 ᾗ]
1337 4597 1405 4637 vero

146 4690 344 4764 novemdecim,
359 4699 389 4751 et
400 4691 496 4772 cheng
509 4668 551 4753 ἓ
565 4693 680 4754 nonnisi
694 4691 837 4753 tredecim
