3556 5664
570 515 667 559 maor
685 515 962 560 uacuum-raas
978 519 1068 562 aanor
1392 507 1450 566 865

181 626 338 694 colliculus
352 635 408 693 ant
423 630 509 695 collis
523 628 645 706 scilicet,
671 628 769 693 adbuc
794 634 890 710 potest
914 632 1100 709 transcendi;
1125 632 1284 700 conducitis
1299 635 1343 699 sol
1360 640 1407 699 est
1421 640 1452 699 et

183 743 265 820 luna,
282 758 346 807 non
359 749 408 807 est
423 744 502 807 unde
516 748 673 822 superetur
684 761 692 805 :
705 743 756 806 aiii
771 744 840 808 licet
856 743 949 808 velint
964 745 1078 824 seipsos
1092 746 1130 809 ab
1145 762 1180 810 eo
1196 763 1347 827 separare,
1364 748 1385 812 ii
1400 749 1452 828 qur

187 856 312 922 adiment
326 856 384 922 soti
399 862 430 920 et
444 857 541 921 iuna?
561 855 662 921 Potius
677 857 788 935 patebit
804 855 871 920 iilos
885 857 1002 923 nescire
1016 874 1118 924 rerum
1133 875 1306 924 mensuram
1323 857 1381 945 (i).

245 970 297 1035 25.
320 970 440 1034 T‘cbeu
456 974 500 1033 tse
515 969 580 1032 k‘in
601 970 784 1051 compellans
806 970 864 1034 Tse
886 970 968 1053 kong
982 971 1023 1033 ait
1040 991 1047 1034 :
1066 978 1098 1034 tu
1114 972 1180 1054 agis
1202 973 1350 1051 modeste;
1377 974 1452 1039 don·

190 1083 284 1148 ircim
299 1084 351 1163 qni
365 1090 411 1149 est
427 1082 587 1163 sapientior
602 1099 662 1163 prae
678 1088 726 1147 tet
741 1084 810 1167 ¹Tse
832 1082 913 1165 kong
928 1083 969 1146 uit
986 1104 994 1146 :
1011 1084 1162 1163 sapientiae
1186 1087 1327 1150 alumnus
1341 1103 1378 1151 er
1393 1103 1453 1153 uno

191 1197 280 1262 uerbo
295 1196 491 1263 nsbmabitur
506 1196 646 1275 pmdeos,
659 1212 696 1261 cr
706 1212 766 1260 uno
776 1196 867 1261 rerbo
876 1196 1071 1260 aestimabitur
1085 1198 1273 1278 imprudens;
1289 1200 1454 1264 verbanno

191 1316 316 1390 possunt
329 1325 388 1374 non
403 1309 564 1392 inuigilari.
589 1310 732 1393 Magister
747 1326 832 1374 mous
846 1325 906 1374 uon
921 1318 1019 1390 potest
1033 1311 1155 1393 attingi3
1178 1313 1254 1378 sicut
1269 1314 1378 1379 calum
1394 1329 1455 1377 non

191 1430 289 1504 potest
309 1422 436 1489 admotis
451 1422 540 1489 scalis
554 1424 723 1489 conscendi.
756 1423 899 1505 Magister
923 1432 1078 1488 assecutus
1102 1425 1327 1504 rempublicam,
1351 1426 1456 1490 fuisset

192 1537 268 1617 quod
288 1536 395 1600 dicitur
418 1542 589 1600 «sustentat
610 1537 752 1616 popuinm
767 1543 798 1600 et
812 1536 912 1600 statim
935 1537 1092 1615 stabilitur,
1113 1538 1194 1602 ducit
1207 1539 1293 1602 iilum
1309 1546 1339 1603 ct
1354 1540 1455 1603 statim

192 1650 300 1734 pergit,
317 1649 492 1730 tranquiltat
500 1649 586 1713 illum
596 1656 626 1714 et
636 1650 736 1713 statim
747 1651 888 1726 adhaeret,
906 1650 1110 1717 ercimtittum
1123 1657 1152 1715 et
1163 1651 1263 1715 statim
1275 1650 1453 1729 dtcoucors,

192 1763 255 1843 ejus
269 1762 330 1826 rita
344 1763 488 1846 gloriosa,
505 1761 570 1845 ejus
585 1778 666 1831 mors
686 1764 868 1845 complorata
880 1788 893 1823 a
914 1782 922 1836 ;
940 1778 1000 1846 ouo
1021 1780 1152 1845 uuquam
1178 1765 1265 1834 niodo
1281 1765 1332 1831 ille
1346 1765 1456 1848 poterit

192 1876 317 1960 attingit

606 2098 732 2175 PARS
759 2099 1038 2177 Posrbmott.

248 2326 277 2388 1.
301 2323 366 2389 Yao
381 2324 444 2388 ait:
458 2325 544 2401 beus,
557 2324 712 2400 tudboen,
729 2325 847 2391 coetitus
861 2325 1058 2390 successionis
1067 2325 1140 2389 ordo
1155 2331 1201 2388 est
1211 2324 1241 2388 in
1253 2332 1303 2391 tua
1315 2339 1451 2404 persona.

193 2438 310 2503 Sincere
333 2445 434 2504 teneas
454 2438 552 2518 ipsum
574 2437 704 2503 medium
722 2458 730 2502 :
748 2438 773 2500 si
788 2446 915 2518 quatuor
930 2439 1023 2503 maria
1039 2445 1213 2518 premantur
1233 2444 1376 2519 egestate,
1397 2454 1455 2501 coe·

192 2552 272 2615 iestis
293 2566 402 2615 census
425 2557 571 2614 aeternum
597 2550 734 2615 cessabit.
763 2551 862 2615 Gboen
883 2551 972 2615 etiam
987 2553 1035 2615 bis
1050 2569 1123 2614 usos
1138 2553 1310 2615 mandatum
1337 2549 1458 2614 tradidit

192 2664 237 2727 Yu
251 2665 309 2737 (2).
332 2666 434 2747 T‘ang
447 2664 509 2727 ait:
522 2679 580 2745 ego
595 2666 794 2729 bomuucuius
809 2665 843 2728 Li
857 2665 952 2729 audeo
967 2665 1107 2729 adbibere
1122 2664 1243 2746 nigrum
1260 2671 1379 2731 taurum
1390 2665 1455 2742 (3);

193 2778 283 2842 audeo
298 2777 472 2841 solemniter
493 2777 644 2871 declarare
659 2793 760 2842 coram
776 2778 989 2862 augustissimo
1009 2793 1148 2858 supremo
1163 2777 1360 2853 dominatore,
1377 2776 1458 2856 quod

192 2890 311 2955 babenti
335 2898 490 2970 peccatum
506 2906 565 2955 uon
580 2890 706 2954 audeam
731 2906 864 2970 parcere,
881 2890 1070 2956 abditissimi
1095 2891 1248 2956 ministros
1269 2906 1328 2956 non
1350 2889 1457 2954 tenebo
1581 2964 1592 2981 ,

193 3002 394 3081 absconditos3
411 3003 459 3066 bis
470 3004 620 3083 inscriptis
629 3004 659 3067 in
669 3002 814 3071 ditissimi
829 3004 918 3070 corde
932 3005 990 3083 (ii.
1013 3005 1079 3070 Jam
1090 3004 1116 3069 si
1127 3018 1192 3067 mea
1206 3018 1332 3087 persona
1349 3001 1459 3066 babeat

193 3124 357 3196 peccatum,
369 3133 430 3181 nou
440 3115 576 3181 attinebit
586 3116 703 3196 immrii
719 3119 858 3196 populos;
871 3117 894 3180 si
906 3117 1133 3197 imperiipopnii
1144 3116 1273 3180 babeant
1287 3123 1456 3199 peecatum,

193 3237 345 3310 peccatum
355 3230 449 3295 eritin
458 3245 523 3294 mea
535 3245 661 3310 persona
669 3232 727 3310 (5).
746 3231 866 3297 Tebeou
877 3230 1009 3295 exercuit
1018 3245 1160 3312 magnam
1175 3228 1412 3305 benebcentiam,
1426 3234 1459 3291 at

193 3344 299 3424 probos
308 3343 401 3421 viros,
412 3343 469 3406 bos
479 3343 594 3406 ditarit.
618 3343 710 3420 Licet,
722 3344 830 3423 inquit,
847 3350 991 3427 tyrannus
1006 3343 1114 3409 babeat
1129 3358 1245 3406 summe
1260 3342 1453 3422 propinquos,

193 3472 251 3522 nou
265 3457 367 3521 vatent
382 3471 464 3521 meos
478 3456 688 3541 integerrimos
702 3457 801 3533 uiros,
821 3456 883 3537 jam
898 3457 924 3522 si
940 3458 1066 3537 populus
1086 3456 1206 3522 babebit
1226 3453 1456 3535 ouemmoniam,

232 3716 275 3795 (2)
298 3701 340 3784 3
357 3699 395 3785 ΠΡ
411 3724 553 3801 aequitatis
577 3725 717 3800 modinum
741 3723 816 3784 illius
831 3700 873 3783 Ξ
885 3742 966 3785 usum
991 3722 1091 3788 recole.
1114 3700 1156 3781 fl
1170 3723 1243 3803 regit
1265 3720 1459 3800 praecedentia

195 3837 370 3915 imperatoris
384 3837 486 3913 verba3
500 3838 561 3915 ejus
574 3836 721 3915 particulae
734 3837 824 3897 recole
838 3856 927 3897 usum.

233 3940 279 4018 (3)
299 3947 385 4009 Color
393 3950 484 4028 niger,
493 3967 579 4027 quem
591 3951 620 4008 in
630 3950 750 4009 victimis
763 3950 898 4027 dynastia
907 3950 967 4009 Hia
977 3950 1172 4029 adoptaverat,
1186 3949 1313 4009 nondum
1327 3955 1459 4008 mutatus

194 4062 291 4123 fuerat.

231 4167 275 4248 (4)
294 4177 343 4237 Ita
356 4185 558 4237 commemorat
571 4178 701 4237 secundun
712 4177 854 4254 dynastian
870 4177 1048 4238 fundatores
1061 4177 1182 4238 locatum
1195 4176 1284 4237 foisse
1298 4175 1459 4248 Altissimo‚

193 4290 423 4351 mummium
447 4298 594 4369 mcum
611 4289 818 4350 nicaenorum
832 4291 1059 4369 waramum.
1104 4267 1297 4367 insigniam
1312 4289 1460 4367 punienda
1510 4306 1519 4317 ·

191 4405 306 4484 tyrannm
319 4413 447 4484 peccata,
460 4410 491 4463 et
503 4403 655 4464 donandas
676 4404 870 4463 ministrorum
892 4404 1020 4478 vmtutea
1042 4401 1210 4481 singillatim
1223 4409 1340 4463 notatas
1352 4420 1416 4463 aaa
1428 4401 1461 4461 in

190 4517 333 4581 Altisaimi
345 4516 444 4595 eorde,
461 4515 633 4593 adaequare
646 4516 761 4576 nonnisi
773 4534 810 4576 ex
825 4514 965 4576 Altimimi
979 4516 1092 4579 decreto
1104 4515 1146 4576 aio
1160 4535 1250 4593 agere.

227 4624 272 4703 (5)
293 4633 345 4693 Ita
357 4633 480 4710 ipsemet
496 4630 559 4707 jam
579 4630 733 4707 imperator
755 4628 863 4689 loeutus
877 4637 920 4690 est
932 4630 1047 4707 regulis,
1069 4637 1214 4710 postquam
1227 4648 1289 4707 qna
1306 4628 1459 4707 Altiaaimo

183 4749 300 4811 dixerat
314 4746 356 4808 eia
370 4743 646 4807 commemoraverit.
667 4716 711 4800 Π
725 4741 802 4803 valet
815 4717 866 4807 ff
