3672 5690
695 459 783 502 neon
811 459 1016 511 montemnis
1433 450 1498 511 197

205 573 339 638 vibrabit
354 574 388 638 in
403 581 536 655 quatuor
549 572 690 638 membris
704 574 762 654 (1).
787 574 962 639 calamitate
975 575 1023 639 vei
1039 574 1178 641 felicitate
1199 578 1333 658 proxime
1354 578 1495 645 instanti·

209 688 278 765 bus,
291 687 422 766 bonum,
441 688 571 769 profecto
586 687 834 768 prenosoetittud
846 704 856 765 ;
868 703 928 752 non
940 688 1062 766 bonum,
1076 689 1208 769 profecto
1219 699 1384 772 praenoscat
1394 692 1491 758 iilud:

212 802 279 868 ideo
292 817 415 867 summe
430 800 579 881 perfectus
593 800 688 864 instar
703 801 825 880 spiritus
839 802 896 879 (2).

256 916 310 981 25.
333 915 501 998 integritas
514 914 659 978 naturalis
679 914 879 978 essentialiter
892 913 1018 995 perticit,
1043 920 1075 980 et
1088 916 1164 980 ratio
1177 918 1376 982 essentialiter
1389 919 1495 1002 dirigit

218 1032 264 1110 (3)
280 1049 287 1093 :
304 1028 455 1093 naturalis
477 1027 558 1091 euim
581 1028 691 1091 venes
705 1034 752 1092 est
764 1027 878 1092 entium
893 1028 960 1091 finis
980 1028 1228 1109 principiumque,
1251 1036 1282 1095 ct
1295 1031 1359 1097 sinc
1382 1032 1494 1097 verita·

218 1151 248 1208 te
267 1158 328 1207 non
341 1148 415 1207 sunt
436 1141 528 1205 entia.
558 1141 621 1206 Hac
642 1141 678 1205 de
699 1154 789 1205 causa
810 1140 929 1221 sapiens
953 1142 1236 1225 redintegrationem
1261 1143 1331 1210 facit
1354 1145 1490 1210 maximi.

219 1257 374 1322 Perfectus
386 1269 577 1335 nequaquam
590 1255 655 1334 ipse
672 1253 788 1335 perficit
809 1269 875 1319 sese
896 1261 927 1319 et
949 1256 1038 1332 sistit,
1063 1256 1115 1319 sed
1135 1255 1242 1320 exinde
1262 1257 1376 1338 perficit
1390 1259 1491 1323 alios:

220 1370 361 1451 perficere
375 1369 519 1448 seipsum,
535 1367 633 1432 cordis
647 1368 764 1444 virtus3
780 1367 922 1448 perficere
941 1367 1027 1443 aiios,
1047 1368 1155 1451 agendi
1177 1370 1332 1449 prudentia
1350 1390 1357 1434 :
1378 1378 1494 1435 naturae

220 1483 347 1547 virtutes
362 1483 418 1545 bae
434 1487 515 1556 sunt,
531 1487 620 1560 atque
630 1480 751 1545 uniendi
765 1480 912 1546 exteriora
926 1480 1127 1562 inferioraque
1142 1483 1248 1564 regula
1261 1484 1325 1549 bec
1339 1491 1385 1549 cst
1401 1502 1409 1563 ;
1426 1485 1494 1550 ideo

219 1597 303 1677 iuxta
319 1596 574 1676 opportunitatem
590 1594 740 1674 applicare
756 1594 831 1671 bec,
848 1594 1045 1677 congruentia
1059 1601 1116 1659 est.

261 1710 315 1774 tt.
337 1710 499 1790 Propterea
522 1721 639 1773 summa
662 1707 804 1787 perfectio
827 1723 979 1787 nunquam
1001 1707 1117 1772 desistit
1133 1726 1142 1786 ;
1158 1724 1311 1790 nunquam
1332 1710 1492 1786 desistens,

222 1830 293 1888 tuuc
306 1831 497 1905 perseveram
515 1835 721 1901 perseuerans,
740 1827 812 1885 tuno
826 1821 923 1901 prodit
936 1819 1061 1899 efectu3
1079 1823 1229 1901 prodiens,
1246 1830 1318 1889 tuuc
1331 1824 1495 1904 ampliatur

222 1937 450 2017 extenditurque
466 1953 475 2013 ;
492 1934 632 2013 ampliata
651 1942 843 2014 extensaque,
866 1940 938 1998 tuuc
952 1936 1012 1998 iata
1027 1934 1060 1998 fit
1073 1941 1104 1999 et
1118 1936 1263 2015 profunda
1280 1953 1289 2013 ;
1306 1938 1366 2003 iata
1381 1943 1411 2002 et
1424 1952 1493 2016 pro·

223 2051 324 2126 funda,
341 2057 414 2114 tuuc
429 2048 567 2113 sublimis
581 2049 680 2113 eradit
694 2054 724 2112 et
741 2047 900 2126 conspicua
918 2066 925 2109 :
942 2048 1002 2117 lata
1019 2054 1050 2111 et
1064 2048 1218 2132 profunda,
1239 2049 1362 2130 proinde
1376 2056 1495 2114 susten·

223 2170 339 2229 fatres
360 2179 369 2240 3
394 2161 531 2227 sublimis
552 2167 582 2225 et
603 2162 695 2236 clara,
726 2160 848 2241 proinde
870 2161 1001 2242 protegit
1022 2177 1096 2239 res;
1128 2164 1268 2242 ampliata
1288 2168 1319 2228 et
1338 2162 1492 2240 condona,

223 2277 345 2357 pminde
358 2276 475 2357 perficit
486 2292 536 2341 res
552 2295 560 2340 :
578 2276 638 2339 iata
652 2280 682 2339 et
695 2272 840 2353 profunda
855 2274 986 2338 sociatur
1000 2281 1098 2351 terrae,
1116 2274 1252 2339 sublimis
1265 2281 1295 2341 et
1309 2276 1390 2340 clara
1403 2275 1495 2356 equi·

224 2398 346 2471 paratur
359 2390 447 2467 coeio,
471 2390 570 2469 ampla
584 2395 615 2454 et
629 2388 768 2453 mndnua
782 2395 864 2455 caret
877 2387 1015 2452 termino.
1048 2388 1121 2452 dum
1136 2389 1226 2467 nujus
1240 2390 1320 2457 modi
1334 2390 1374 2452 sit
1387 2405 1447 2455 nou
1461 2405 1496 2454 se

224 2505 363 2579 ostendit,
379 2510 524 2568 ettamen
547 2502 685 2567 clarescit
699 2518 708 2577 ;
725 2516 784 2565 nun
801 2507 912 2576 movet,
936 2507 1082 2568 ettamen
1098 2502 1270 2579 conuertit3
1295 2518 1355 2567 non
1370 2503 1446 2585 agit,
1463 2509 1497 2569 et

225 2624 322 2682 umen
346 2616 461 2698 perficit
478 2617 535 2699 (4).
565 2615 638 2681 Coeii
653 2621 797 2694 terraeque
814 2614 890 2679 ratio
905 2619 1003 2693 potest
1025 2614 1113 2679 unico
1134 2614 1225 2679 verbo
1248 2617 1291 2679 sio
1314 2615 1492 2680 exhauriri:

224 2731 274 2794 ilia
287 2738 360 2796 sunt
372 2747 427 2794 ens
440 2745 500 2794 non
515 2730 625 2809 duplex
637 2728 698 2805 (5),-
712 2728 893 2809 proindeque
906 2728 1027 2791 iilorum
1042 2728 1196 2806 productio
1211 2744 1311 2793 rerum
1324 2734 1370 2792 est
1380 2728 1494 2792 iucom-

225 2843 443 2923 preheosibilis.
467 2844 543 2907 Sanc
557 2843 603 2922 (6)
618 2842 686 2906 coeii
704 2848 849 2920 terreque
864 2840 940 2904 ratio
955 2841 1026 2917 lata,
1052 2840 1209 2920 profunda,
1232 2840 1381 2918 sublimis,
1397 2842 1491 2918 ciart,

226 2958 335 3037 ampla,
362 2972 556 3035 perseverans
568 2958 641 3035 (7):
666 2955 705 3018 sit
720 2970 809 3033 porro
826 2956 882 3018 huc
898 2954 1019 3029 cretum,
1042 2953 1100 3016 ista
1113 2954 1213 3034 exigui
1235 2954 1362 3035 fulgoris
1375 2953 1493 3034 quanti·

226 3077 283 3148 tas,
299 3071 396 3151 quoad
411 3068 476 3149 ejns
488 3069 732 3145 immensitatem,
756 3067 812 3142 sol,
829 3068 911 3142 luua,
937 3067 1043 3144 stelin,
1065 3068 1162 3131 sidera
1177 3082 1213 3135 eo
1226 3068 1446 3147 appenduntur,
1462 3073 1494 3131 et

225 3333 359 3394 fornicem
372 3331 466 3402 refert,
486 3329 650 3390 cremabant
672 3327 814 3401 corticem,
829 3335 909 3387 etex
923 3324 1049 3399 meotilis,
1063 3345 1128 3402 quae
1142 3333 1204 3385 tum
1217 3327 1291 3385 forto
1304 3327 1494 3408 apparebunt,

226 3445 413 3525 conjiciebant
425 3444 519 3505 futura
532 3439 545 3512 (
565 3420 591 3504 l*
604 3431 623 3506 ).
643 3439 806 3501 Versabant
819 3441 888 3499 item
902 3438 1029 3500 achillee
1043 3439 1177 3517 virgulas,
1190 3448 1220 3499 et
1233 3457 1270 3498 ex
1284 3441 1496 3517 emergentibus

227 3558 322 3638 figuris
335 3557 465 3636 symbola
478 3554 641 3616 formabant
655 3549 667 3622 (
680 3526 751 3615 ᾖ).

265 3664 310 3741 (2)
325 3665 913 3750 Eruntprognostioa‚banrapiciaindicim
922 3666 1493 3743 sedeanonnieisanctnmnunell'ngiuut.

264 3778 309 3853 (3)
329 3760 399 3859 (ig,
412 3785 495 3857 ratio,
509 3779 647 3842 naturalis
661 3781 811 3857 integritas
825 3779 854 3837 in
867 3778 999 3855 bomine3
1016 3752 1068 3839 (ἶ)
1084 3779 1190 3858 dirigit,
1204 3786 1289 3838 sonat
1303 3752 1362 3840 m.

265 3891 311 3970 (t)
330 3900 524 3978 Exponuntur
546 3894 687 3954 mirabiles
707 3893 824 3953 effeetus
840 3893 901 3971 ejus
921 3891 1109 3971 perfectionis,
1133 3910 1198 3971 quae
1218 3892 1249 3953 iu
1266 3891 1328 3953 dies
1344 3888 1493 3953 cumulati

226 4013 291 4074 foris
305 4014 408 4093 prodit,
422 4021 451 4071 et
464 4008 535 4069 eaelo
554 4017 694 4085 terraeque
706 4004 806 4065 similia
823 4025 935 4065 summu
950 4006 979 4064 in
999 4007 1117 4084 populos
1131 4006 1232 4085 pandit
1244 4002 1388 4065 beneficia
1412 4005 1496 4066 Hine

226 4126 346 4205 idipsum
359 4148 378 4188 a
390 4124 464 4184 mira
477 4121 541 4183 coeli
553 4131 689 4198 terraeque
702 4120 867 4199 operatione
880 4137 949 4179 mox
962 4119 1062 4181 statim
1075 4117 1244 4179 illustratur.

264 4231 308 4311 (5)
329 4236 460 4317 Simplex
471 4234 536 4297 coeli
547 4243 686 4312 terraeque
700 4234 792 4293 virtus
805 4232 890 4293 refert
904 4229 1062 4291 naturalem
1074 4231 1210 4310 sapientis
1224 4229 1432 4309 perfectiom

263 4344 307 4427 (6)
327 4352 436 4417 Statim
456 4347 646 4429 simplicitatis
665 4347 780 4407 effectus
801 4344 942 4420 asseritur,
961 4353 991 4405 et
1009 4343 1298 4424 incomprehensibilis
1318 4343 1492 4423 operationis

224 4469 333 4530 modus.
352 4466 410 4539 Qui
422 4473 457 4525 nt
467 4464 636 4534 innotescat,
646 4459 758 4534 coelum,
769 4472 853 4534 terra,
865 4468 975 4519 montes
984 4467 1013 4519 et
1022 4476 1112 4537 aquae,
1123 4459 1246 4538 primum
1257 4457 1287 4515 iu
1297 4477 1386 4536 paruo
1397 4464 1491 4517 tructn

223 4583 448 4653 considerantur,
462 4577 529 4637 dein
542 4576 574 4635 in
586 4582 650 4636 tota
663 4594 765 4636 massa.

261 4688 305 4768 (t)
325 4697 417 4769 Nota,
431 4693 463 4753 in
477 4690 618 4768 congerie,
631 4686 776 4768 particule
790 4662 830 4747 *bi
847 4702 938 4748 usum.
