3524 5652
516 513 612 560 oaunu
632 513 764 558 omnum
776 512 903 557 -uano
921 512 1084 559 remmon
1371 499 1428 562 471

166 632 265 699 oculos
282 627 488 710 obliquabant,
505 634 648 694 necreota
660 627 907 708 aspiciebanttt).
919 626 974 692 Ille
984 629 1140 694 sudornon
1150 629 1265 695 ratione
1275 631 1430 697 bominum

166 744 338 820 endabmur,
356 744 410 808 sed
425 759 462 808 ex
476 741 580 807 intimo
595 742 684 806 corde
698 741 872 821 erumpebat
886 741 916 805 in
931 743 992 807 oris
1006 750 1160 823 aspectum
1177 739 1232 827 (3).
1256 745 1333 808 saue
1348 761 1430 825 repc-

167 856 218 922 tila
240 858 341 933 domo,
369 856 525 921 vertebant
547 855 679 919 fiscinam
700 860 730 919 et
747 854 974 933 obiramarriom,
1001 862 1032 919 et
1053 856 1260 936 cooperiebant
1282 857 1350 921 illos
1369 859 1427 937 (t).

166 971 322 1052 cooperire
336 970 407 1034 illos
424 969 449 1033 si
465 967 640 1035 naturaliter
655 968 708 1043 ita,
725 982 799 1050 ergo
815 967 854 1047 pii
870 967 921 1032 olii
937 975 967 1032 et
983 969 1104 1035 domani
1126 970 1255 1034 bominis
1280 973 1432 1051 cooperire

167 1100 237 1150 snos
250 1090 404 1165 parentes,
426 1081 516 1147 etiam
541 1081 673 1162 proiecto
688 1081 778 1146 babet
802 1082 938 1164 regulam
952 1082 1012 1164 (4).
1043 1082 1094 1147 Sin
1108 1089 1153 1147 tse
1166 1083 1196 1147 id
1209 1084 1326 1149 monuit
1339 1085 1432 1150 domi·

166 1198 267 1263 numi
284 1216 292 1260 :
310 1196 362 1279 qui
378 1195 497 1263 attoniti
510 1194 605 1262 instar
626 1194 703 1262 tacto
723 1194 882 1263 intervallo
904 1196 1080 1265 exclamarit
1099 1216 1107 1260 ε
1125 1195 1253 1263 convicit
1267 1212 1315 1263 me
1337 1199 1430 1264 Tclre.

585 1536 710 1613 Paeo
738 1533 1015 1614 Posrbnrolt.

227 1762 258 1825 i.
281 1759 449 1840 Discipulos
466 1758 582 1824 T‘cben
598 1759 637 1824 tai
654 1757 696 1822 ait
713 1778 720 1822 :
738 1774 798 1823 non
812 1758 942 1823 invisere
961 1758 1093 1842 regulos,
1111 1759 1217 1824 merito
1233 1759 1349 1824 videtur
1364 1760 1436 1840 qnid

169 1875 312 1958 exiguum
327 1872 385 1952 (at.
413 1873 444 1937 Si
458 1872 537 1938 enim
556 1872 715 1953 aliquando
737 1871 847 1936 inrisas
862 1888 925 1949 eos,
942 1872 1055 1952 majore
1076 1873 1195 1953 qudem
1216 1872 1323 1938 effecto
1346 1873 1436 1939 facies

168 1990 376 2069 imperantem,
403 1986 517 2052 minore
532 2001 604 2051 nero
618 1985 709 2050 iacies
727 1987 912 2051 anebontem.
940 1984 1033 2051 Porro
1048 1987 1126 2066 quod
1142 1986 1303 2052 memoriae
1324 1987 1408 2051 aium
1425 2006 1433 2049 :

174 2100 336 2166 «curvatio
357 2099 470 2181 pedalis
484 2104 515 2164 et
528 2098 638 2164 erectio
659 2098 797 2178 octipes»
815 2099 922 2164 merito
943 2099 1061 2164 videtur
1079 2115 1166 2180 posse
1189 2100 1263 2164 lieri.
1292 2099 1438 2165 blentsius

170 2215 212 2281 ait
229 2233 237 2277 :
255 2214 328 2279 olim
348 2213 415 2278 T‘si
435 2213 518 2296 King
540 2213 678 2293 princeps
701 2220 865 2277 venaturus
888 2212 1043 2278 accersivit
1066 2213 1141 2294 septi
1163 2213 1345 2293 praetectum
1367 2229 1437 2278 cum

170 2327 350 2407 uexillo(5);
367 2340 494 2407 cumque
504 2342 564 2391 uon
575 2325 716 2402 venisset,
731 2325 794 2405 jam
809 2325 963 2391 occisuros
977 2333 1041 2391 erat
1055 2326 1152 2392 illum.
1175 2325 1214 2390 lit
1227 2328 1367 2392 cordatos
1376 2326 1435 2403 vir,

171 2443 213 2507 ait
228 2440 398 2516 tonnerre,
420 2455 480 2505 non
501 2438 686 2505 obliviscitur
700 2455 733 2505 se
747 2439 810 2504 iore
824 2439 855 2503 in
871 2439 950 2504 ioesa
964 2440 1011 2504 uel
1028 2441 1140 2517 canali3
1166 2440 1251 2505 fortis
1272 2441 1362 2505 beros
1377 2455 1436 2504 non

172 2553 357 2621 obliviscitur
371 2568 403 2618 ee
418 2554 603 2633 perditurum
618 2569 705 2617 suom
721 2558 820 2632 capot.
843 2552 1001 2618 dondanine
1016 2554 1086 2634 quid
1100 2554 1263 2634 approbata
1279 2553 1435 2634 approbat,

173 2668 230 2732 nisi
245 2666 364 2748 proprie
385 2675 535 2744 vocatum,
552 2681 612 2730 non
626 2665 717 2730 ivisse
733 2662 786 2750 (6).
817 2666 848 2731 Si
863 2681 937 2749 ergo
952 2682 1007 2731 nec
1021 2672 1174 2746 expectem
1190 2682 1238 2732 mo
1254 2667 1395 2732 accersiri
1407 2671 1437 2732 et

174 2780 428 2860 eamquomodor
439 2778 624 2856 Porrofflnd,
636 2779 1079 2862 curvatiopedolieetereeoio
1087 2783 1216 2862 octipem
1224 2779 1309 2859 juxta
1320 2781 1437 2845 lucrum

175 2893 292 2960 dicitur.
314 2892 346 2957 Si
358 2892 442 2973 juxta
458 2893 587 2968 numm,
604 2897 675 2957 tunc
689 2893 823 2965 eumatio
837 2894 989 2972 octipeset
999 2894 1108 2959 erectio
1123 2895 1254 2975 pedaneo
1264 2893 1295 2956 in
1305 2894 1436 2968 lucrum,

176 3007 303 3073 etiamne
323 3005 459 3086 expediet
473 3005 558 3070 derit
578 3004 655 3070 Olim
671 3006 742 3069 'isin
759 3006 953 3089 magistratus
974 3007 1075 3072 Tebao
1090 3006 1158 3071 lien
1174 3014 1219 3072 tse
1232 3006 1322 3087 iussit
1336 3008 1439 3089 Wang

177 3121 265 3203 leang
279 3134 348 3184 cum
363 3118 495 3202 gratioso
510 3134 564 3183 suo
574 3118 611 3182 lli
620 3119 753 3201 adrigari
765 3134 772 3182 :
786 3125 848 3185 tota
858 3119 976 3199 quidem
987 3119 1045 3197 die,
1057 3135 1113 3184 neo
1124 3127 1222 3185 tameo
1238 3125 1342 3199 captos
1357 3119 1439 3181 ullus

177 3239 311 3299 remoue.
343 3231 499 3298 Gratiosuo
519 3231 557 3298 lli
577 3231 709 3297 reterens
733 3233 879 3299 rationem
894 3232 936 3298 ait
952 3252 960 3296 ε
978 3235 1150 3299 mortalium
1169 3239 1216 3299 est
1235 3231 1439 3312 ineptissimus

215 3614 260 3696 (3)
281 3622 427 3685 Anabura
450 3626 585 3705 prooeeeit
606 3622 677 3683 illud
699 3625 878 3703 cooperiendi
900 3632 1032 3703 parentes
1053 3624 1225 3687 discrimen:
1240 3644 1309 3702 ergo
1330 3624 1439 3703 paritor

178 3744 312 3799 enatura
334 3736 461 3817 procedit
477 3738 508 3797 iu
525 3737 724 3817 posterioribus
746 3737 878 3799 aetatibus
901 3736 1054 3816 sepeliendi
1075 3746 1206 3817 parentes
1227 3758 1262 3799 ao
1284 3745 1438 3797 extraneos

178 3849 333 3912 diversitas„

217 3954 268 4035 (4)
284 3959 384 4043 carpit
396 3961 550 4024 Menteium
563 3964 683 4025 inrisere
696 3961 810 4041 regulos
823 3962 1038 4025 detrectantem.

216 4068 262 4147 (5)
283 4075 360 4138 Olim
374 4096 437 4135 uam
451 4095 501 4137 rex
516 4075 641 4154 aliquem
656 4084 817 4150 arcesseret,
831 4078 956 4151 nuntius,
969 4085 1003 4136 ut
1016 4076 1098 4138 iidem
1113 4077 1227 4151 suomet,
1248 4077 1358 4139 nolebat
1377 4097 1441 4157 pro·

177 4190 269 4271 priam
283 4187 419 4268 cujusque
432 4198 568 4252 temeram
582 4210 669 4251 manu
683 4188 814 4269 preferre
831 4214 840 4252 r
854 4190 935 4268 regni
951 4189 1098 4269 praefectos
1111 4191 1226 4264 vexillo,
1239 4192 1312 4270 aepti
1325 4190 1441 4271 praeieo·

178 4310 224 4363 too
236 4301 334 4382 pellito
348 4301 423 4382 pileo
437 4282 575 4365 aroeaeere
598 4323 660 4380 moe
672 4310 741 4363 eret.
763 4302 823 4363 Hic
835 4304 909 4381 eepti
922 4303 1054 4384 praefecti,
1080 4312 1186 4365 tessera
1198 4324 1258 4365 uon
1270 4323 1324 4366 sue
1336 4303 1439 4376 vocati,

179 4415 221 4476 ire
232 4426 405 4496 renuerunt3·
420 4417 549 4495 adeoque
567 4415 668 4477 laudat
681 4435 729 4477 eoo
743 4413 896 4477 Confueinn
909 4416 994 4496 quod,
1007 4416 1187 4478 cordatorum
1209 4416 1326 4478 heroum
1351 4435 1439 4489 more,

180 4528 332 4590 maluerint
344 4530 417 4591 mori
430 4549 517 4608 quam
530 4530 561 4590 iu
574 4530 675 4591 ritrbua
687 4529 809 4591 deicere.

221 4634 266 4713 (o)
286 4643 387 4705 Reoole
399 4643 477 4705 illiue
492 4618 535 4703 π
547 4645 614 4718 rim,
629 4643 739 4704 vocatio
761 4642 827 4704 talio
847 4662 911 4724 qum
924 4644 1025 4705 deceat
1046 4650 1076 4704 et
1089 4643 1202 4723 propria
1215 4642 1259 4702 eit.
1282 4618 1324 4703 R
1338 4641 1439 4722 probet

182 4761 212 4815 et
222 4756 308 4819 edua
1479 4737 1483 4744 ⁵

259 4889 282 4932 11
1323 4871 1362 4927 60
