3672 5690
622 523 718 566 carus
737 521 898 566 munus
910 532 953 552 -
964 520 1038 563 raus
1056 520 1147 564 ruina
1458 510 1514 568 att

303 643 353 707 ts.
376 640 585 719 Philosophus
599 637 713 702 dicebat
728 636 872 700 musicam
891 635 1119 700 «Contumelia»
1136 652 1202 700 esse
1212 637 1348 701 absolute
1359 639 1515 716 pulchram

245 762 309 820 tum
323 755 460 819 absolute
485 754 603 827 lenem;
620 751 736 816 dicebat
749 750 894 815 musicam
913 748 1102 814 «bellator»
1120 766 1186 815 esse
1201 750 1322 815 omuino
1344 752 1512 832 pulchram,

245 885 303 935 nou
320 869 441 933 omnino
457 868 562 931 lenem
579 861 633 949 (l).

303 982 355 1046 Pb.
378 981 585 1059 Philosophus
599 977 640 1042 ait
657 997 664 1040 :
683 985 834 1042 umentem
850 992 967 1042 summa
983 977 1105 1041 minime
1127 975 1303 1053 beneficum,
1327 986 1514 1043 exercentem

246 1097 322 1160 ritus
330 1096 393 1160 sine
404 1090 589 1169 reverentia,
606 1092 795 1157 amedeutem
811 1090 900 1156 funus
914 1090 985 1174 quin
997 1089 1107 1168 doleat,
1123 1104 1193 1176 ego,
1210 1104 1269 1173 quo
1280 1091 1384 1169 tultus,
1398 1093 1515 1157 rideam

245 1208 314 1275 illos
329 1205 393 1295 (tlt

668 1416 793 1491 PARS
822 1414 1100 1491 Possumus.

307 1661 336 1729 t.
358 1656 562 1737 Philosophus
570 1656 612 1720 ait
624 1674 632 1719 ε
646 1655 676 1720 si
691 1656 775 1720 mous
785 1671 823 1720 ex
838 1655 1022 1719 humanitate
1032 1665 1078 1721 est
1088 1654 1265 1732 laudandus,
1277 1657 1328 1737 qui
1338 1657 1446 1740 seligat
1455 1674 1515 1724 nou

249 1774 383 1838 babitare
398 1769 597 1835 humanitatis
611 1770 724 1847 seriem
741 1770 792 1848 out
807 1775 946 1834 censetur
960 1774 1087 1848 saperet

306 1886 337 1951 P.
359 1884 562 1964 Philosophus
581 1883 622 1947 ait
639 1902 647 1947 :
666 1882 825 1947 destitutus
849 1882 995 1963 probitate
1010 1898 1069 1946 uon
1085 1888 1181 1962 potest
1197 1883 1246 1946 diu
1262 1899 1382 1949 manere
1397 1885 1428 1949 iu
1444 1902 1514 1966 pau·

249 2005 373 2080 pertale,
391 2013 452 2063 nou
468 2002 567 2076 potest
577 1997 628 2062 diu
643 1996 804 2060 manerein
815 1996 924 2080 gaudio
937 2014 944 2058 ε
958 1995 1068 2075 probus
1083 1994 1248 2075 quiescitin
1259 1997 1379 2076 virtute,
1397 1999 1516 2080 sapiens

250 2114 333 2178 lucro
348 2112 429 2176 unctu
444 2110 633 2190 probitatem.

307 2228 340 2290 3.
360 2224 562 2305 Philosophus
574 2223 617 2288 ait
633 2244 641 2289 ε
659 2225 757 2289 solum
779 2222 888 2287 virtue
910 2222 1051 2303 pradilis
1072 2229 1170 2304 potest
1191 2238 1292 2289 aurare
1314 2224 1401 2300 alios,
1418 2232 1516 2307 potest

250 2339 347 2404 odisse
361 2339 447 2403 alios.

308 2455 337 2519 l.
362 2451 561 2531 Philosophus
576 2450 618 2514 ait
634 2470 642 2514 z
660 2467 730 2516 vere
744 2451 877 2515 intentus
891 2450 923 2514 in
937 2448 1127 2530 probitatem,
1144 2450 1219 2516 nihil
1235 2453 1305 2515 mali
1320 2459 1400 2535 aget.

308 2568 337 2631 5.
362 2563 562 2646 Philosophus
575 2564 617 2630 ait
633 2584 641 2627 t
660 2564 773 2630 ltivitiae
787 2579 856 2628 cum
871 2562 1044 2639 honoribus,
1061 2569 1132 2626 suut
1146 2565 1224 2643 quod
1246 2565 1383 2630 homiues
1407 2582 1514 2632 coneu-

250 2680 385 2760 piscunt;
412 2684 444 2743 at
458 2678 515 2741 nisi
530 2692 583 2759 per
598 2678 748 2758 propriam
773 2677 853 2741 riam
876 2677 1011 2742 obtineas
1025 2691 1072 2753 ea,
1089 2692 1127 2740 ne
1141 2692 1268 2757 occupes
1285 2698 1293 2741 :
1310 2686 1469 2759 paupertas
1484 2686 1515 2747 et

249 2791 434 2876 ignobilitas,
450 2796 521 2855 sunt
535 2791 614 2871 quot
629 2790 765 2856 homiues
779 2796 970 2866 aversautnr3
987 2795 1019 2852 at
1028 2791 1075 2854 vel
1086 2790 1112 2853 si
1122 2805 1181 2854 non
1196 2805 1234 2855 cx
1247 2799 1328 2857 recto
1340 2791 1408 2871 iure
1422 2791 1513 2858 obeu-
1578 2866 1584 2873 ,

249 2905 330 2972 deris
343 2920 390 2982 ea,
407 2920 445 2969 ue
460 2905 590 2969 deseras.
614 2905 738 2985 Sapiens
751 2903 909 2967 amandata
933 2902 1054 2979 virtute,
1072 2904 1123 2983 qut
1137 2904 1208 2968 dum
1223 2904 1353 2984 explebit
1372 2906 1515 2985 sapientis

249 3035 360 3084 nomen
385 3012 450 3102 (blt
480 3017 604 3098 Sapiens
627 3034 683 3082 nec
703 3016 828 3100 integrae
852 3016 1020 3081 relectionis
1044 3017 1140 3096 spatio
1164 3018 1274 3084 desemt
1298 3019 1438 3082 virtutem
1456 3018 1513 3084 :iu

250 3130 412 3212 repentinis
425 3130 545 3196 casibus
565 3131 696 3211 prolecto
710 3131 741 3195 iu
756 3145 792 3194 ea
807 3136 864 3206 est,
879 3130 911 3194 iu
926 3129 1089 3195 eversionis
1113 3130 1261 3213 augustiis
1284 3133 1416 3212 prolecto
1430 3132 1461 3197 iu
1477 3147 1514 3198 ea

250 3253 306 3311 cst.

218 3362 222 3369 '
309 3359 339 3422 6.
361 3358 560 3438 Philosophus
574 3357 617 3420 ait
630 3376 638 3422 :
653 3373 711 3440 ogo
725 3356 856 3422 noudum
871 3356 931 3421 ridi
945 3362 1110 3421 amatorem
1122 3355 1255 3437 iusu'tla,
1273 3373 1390 3423 osorem
1405 3357 1512 3439 iniqui·

249 3471 321 3537 tatis
337 3490 346 3536 ε
362 3478 480 3537 amator
494 3472 521 3536 is
536 3470 668 3552 iustitiae,
694 3470 768 3535 nibil
793 3477 840 3537 est
863 3470 942 3551 quod
965 3476 1127 3550 anteponat
1140 3469 1186 3548 ei;
1210 3486 1279 3537 osor
1292 3471 1320 3535 is
1333 3471 1510 3552 iniquitatis,

289 3966 335 4045 (2)
356 3976 464 4038 Carent
476 3975 566 4036 solida
579 3974 651 4041 basi.
663 3994 722 4054 qua
734 3971 866 4034 fulciatur
878 3993 973 4034 meum
987 3973 1023 4034 de
1037 3974 1104 4053 ipsis
1114 3971 1264 4053 judicium.

288 4081 336 4163 (3)
354 4086 501 4150 Particulu
516 4064 565 4162 ἦ
578 4107 638 4148 nou
650 4088 744 4163 modo,
759 4096 792 4149 ut
806 4067 857 4159 fl,
870 4094 914 4147 eat
926 4088 1096 4166 propositio,
1113 4088 1184 4148 iacit
1201 4089 1321 4167 μεεὶνε,
1335 4090 1422 4150 seruit
1435 4111 1512 4152 com·

247 4202 402 4284 paralisim
425 4221 478 4262 neo
496 4202 590 4273 ωοᾱο,
604 4208 636 4261 ut
648 4202 778 4280 ipsamet,
798 4199 928 4278 jungitur
949 4200 1089 4278 regimini,
1113 4201 1237 4279 adeoque
1257 4210 1321 4282 post
1334 4203 1420 4264 rerba
1432 4204 1510 4266 idem

248 4314 344 4378 valere
355 4323 450 4394 potest
461 4334 496 4375 ao
508 4316 601 4393 φακὴ
615 4334 642 4375 v.
655 4335 683 4393 g.
701 4291 742 4376 n
759 4291 924 4377 ssdiffioits
937 4313 1078 4389 estquod,
1092 4293 1136 4376 Ξ
1153 4292 1288 4378 *decet
1307 4316 1393 4393 quod,
1409 4290 1451 4377 ῧ
1468 4297 1509 4383 3⁶·

248 4430 417 4507 indignatur
432 4428 511 4506 quod
524 4450 532 4489 a
543 4428 594 4488 aad
603 4427 700 4499 etiam,
714 4427 790 4505 qnod
804 4427 850 4487 hle
862 4426 1023 4504 comprimis
1036 4437 1079 4487 ost
1092 4427 1296 4498 calnomum,
1318 4429 1446 4504 sequitur
1458 4429 1509 4491 ali·

248 4543 365 4621 quando
379 4519 422 4600 fl
437 4540 481 4600 rel
496 4519 559 4614 effi,
572 4550 606 4601 ut
618 4539 732 4618 adjuret
745 4549 831 4618 atque
844 4539 951 4601 fulciat
973 4538 1058 4601 Unde
1070 4538 1138 4602 hb:
1151 4523 1193 4604 ff
1204 4520 1245 4605 fi
1260 4519 1301 4605 3⁶·
1313 4559 1349 4601 ex
1363 4541 1418 4602 boc
1432 4562 1506 4615 vero,

251 4636 295 4719 st
308 4630 351 4716 lb
367 4631 410 4722 ἢ
426 4633 468 4719 3²
481 4633 522 4718 hl
539 4630 579 4714 ἓ
593 4655 623 4715 tn
643 4654 808 4731 exequendo
829 4652 966 4732 regimine
987 4672 1072 4731 porro
1093 4655 1162 4731 quar
1183 4655 1313 4734 negcffit
1338 4630 1393 4714 «ἐξ
1411 4633 1452 4718 P
1464 4630 1505 4714 hl

250 4769 391 4849 quomodo
404 4768 536 4830 tenebitl
550 4745 605 4830 «Β
620 4740 1028 4846 anomooopsrfleistt
1425 4838 1431 4850 „

328 4902 352 4947 11
662 4928 665 4934 .
1385 4881 1426 4937 30
