3672 5690
758 426 863 468 mona
883 425 1015 470 soranum
1462 416 1518 475 153

259 553 346 621 qoam
367 537 488 616 nobilis,
513 539 674 621 ingenuam
697 536 902 616 majestatem3
925 538 1010 615 illud,
1033 539 1123 604 babet
1143 548 1283 604 ornatum
1304 542 1423 622 sapiens
1436 543 1517 622 prio·

259 669 338 733 ceps,
366 652 397 715 in
422 653 513 717 linem
536 667 595 717 non
619 652 728 732 poterit
754 652 916 729 obliterari,
946 652 1085 732 exprimit
1111 655 1189 733 quod
1214 642 1372 733 provectae
1399 656 1517 720 virtutis

258 780 403 829 summam
428 764 635 830 excellentiam
659 766 785 845 populus
804 781 862 829 non
879 771 976 845 potest
1000 765 1133 831 oblivisci
1154 763 1209 850 (l).
1233 766 1358 831 Carmen
1383 764 1444 851 (IV.
1470 765 1514 853 4.)

257 881 322 943 ait:
342 879 552 958 «obtpriores
566 894 654 961 reges
668 878 977 951 nonobliterabuntnr
993 876 1047 962 (t).
1065 904 1079 935 »
1103 879 1167 943 Viri
1191 880 1338 960 principes
1362 882 1517 961 sapiebant

256 993 374 1056 illomm
398 993 586 1072 sapientiam,
603 999 633 1055 et
646 992 804 1055 studebant
825 992 946 1057 illorum
970 992 1066 1056 studia
1087 989 1153 1076 (3);
1177 993 1261 1074 vulgi
1283 993 1419 1058 bomines
1443 1011 1515 1077 gan·

256 1105 363 1170 debant
389 1105 511 1169 illorum
540 1105 660 1187 gaudia,
689 1112 720 1169 et
733 1102 908 1169 fruebantur
934 1105 1056 1170 illorum
1082 1103 1227 1170 tractibus
1253 1103 1296 1190 (4)
1323 1126 1331 1169 :
1358 1114 1516 1188 propterea

256 1219 346 1298 elapsi
362 1219 483 1283 saeculo
497 1234 556 1283 non
574 1218 808 1283 obliterabantur
823 1216 878 1302 (5).

297 1331 325 1396 4.
349 1332 494 1415 Magister
516 1332 637 1396 aiebat:
657 1331 837 1396 «audiendis
861 1333 973 1408 litibus,
996 1348 1053 1414 ego
1070 1332 1193 1413 adaequo
1217 1338 1331 1397 ceteros
1348 1351 1355 1395 :
1372 1339 1404 1395 at
1417 1349 1516 1399 nonne

255 1444 326 1509 illud
339 1446 449 1525 potins,
474 1446 571 1510 lacere
585 1450 619 1509 ut
632 1444 730 1509 absint
751 1446 819 1508 lites
842 1442 884 1531 (6)
896 1452 937 1510 t»
968 1447 1111 1525 Expertes
1129 1446 1298 1510 sinceritate
1312 1461 1349 1509 ne
1363 1445 1517 1512 obtineant

255 1558 358 1637 exequi
378 1575 432 1622 sua
455 1566 636 1636 commenta,
662 1574 843 1641 magnopere
866 1560 1016 1624 deterrere
1040 1560 1140 1639 populi
1163 1560 1290 1636 animos,
1307 1559 1338 1623 id
1352 1561 1516 1639 appellabis

256 1673 329 1736 scire
342 1668 531 1757 principale(
554 1677 576 1757 ).

295 1786 325 1849 5.
347 1786 410 1850 Hoc
422 1785 533 1849 dicitur
545 1786 621 1850 scire
634 1786 807 1867 principale,
825 1786 882 1851 boc
894 1787 1002 1852 dicitnr
1015 1787 1144 1851 scientie
1157 1802 1233 1866 apex
1248 1782 1399 1870 (auctoris
1413 1789 1513 1867 expla-

255 1899 333 1961 natio
346 1895 475 1983 delicit).

295 2011 324 2076 6.
345 2011 429 2084 Quod
452 2012 562 2077 dicitur
585 2014 713 2107 dirigere
727 2029 798 2078 suas
812 2013 992 2091 voluntates,
1008 2019 1053 2077 est
1067 2015 1146 2079 nolle
1160 2013 1216 2078 sibi
1229 2014 1365 2091 illudere,
1391 2015 1513 2095 perinde

290 2501 334 2574 (2)
356 2484 398 2565 ili
412 2481 456 2568 Β)
469 2475 607 2567 sanctifi
626 2478 675 2575 li,
693 2510 722 2561 et
736 2506 779 2561 est
793 2498 961 2577 interjectio.

291 2610 337 2688 (3)
357 2618 556 2694 Sequebantur
576 2616 682 2675 scilicet
705 2616 871 2675 manumissa
892 2615 1069 2688 dommenta,
1083 2624 1112 2676 et
1124 2614 1270 2689 curabant,
1288 2616 1362 2677 sicut
1373 2617 1456 2696 prisci
1468 2636 1513 2679 re·

251 2750 310 2809 ges,
336 2750 396 2792 aaa
417 2731 501 2808 stirpi
527 2740 692 2789 conservare
719 2728 877 2806 imperium.
913 2728 973 2788 Alii
995 2729 1137 2807 explicare
1164 2728 1270 2789 vellent
1296 2752 1304 2789 a
1331 2731 1512 2791 estimabant

250 2846 393 2923 sapientes
419 2843 533 2905 illorum
556 2842 707 2920 sapientes,
734 2841 881 2902 habebant
903 2862 983 2901 caros
1005 2841 1118 2901 illomm
1143 2861 1233 2915 caros,
1253 2862 1302 2903 aen
1321 2844 1513 2921 sequebantur

250 2957 326 3035 ipsos
349 2958 462 3017 illorum
483 2957 626 3035 sapientes
649 2956 801 3029 ministros,
824 2956 884 3015 siue
902 2962 1054 3015 extraneos
1073 2930 1120 3029 ff,
1140 2955 1199 3015 sive
1220 2958 1445 3034 consanguineos
1460 2934 1511 3020 fl

252 3067 356 3130 Recole
369 3069 447 3129 illam
464 3047 515 3143 li,
529 3089 592 3128 cum
605 3068 730 3144 quadam
745 3067 873 3129 illatione
888 3069 1078 3146 copulantem.

289 3174 336 3255 (4)
358 3182 473 3244 Gaudia
485 3185 564 3262 pacis
579 3191 609 3243 et
623 3180 731 3241 bucano
743 3198 886 3260 agrorum,
906 3182 982 3241 bona
1002 3190 1085 3241 erant
1097 3182 1134 3242 ab
1146 3180 1201 3241 illis
1212 3192 1371 3260 procurata.
1395 3157 1436 3242 Q
1456 3180 1509 3243 Lo.

291 3285 336 3368 (5)
357 3297 487 3375 Quinque
500 3296 638 3356 hactenus
651 3295 775 3355 adduma
792 3293 957 3355 Carminnm
971 3293 1041 3367 lom,
1055 3296 1180 3372 quinque
1190 3295 1343 3356 insummo
1356 3297 1510 3357 consisten-

249 3411 281 3471 di
294 3412 426 3488 exempla
438 3410 577 3470 exhibent
591 3410 662 3468 :duo
676 3417 774 3467 tamen
787 3409 881 3486 priora
893 3407 1048 3485 symbolica
1060 3416 1135 3480 aunt,
1159 3416 1300 3484 quatenus
1318 3409 1510 3470 summitatem

248 3532 453 3602 repraesentant
471 3531 535 3582 tum
557 3520 710 3613 imperialis
732 3521 875 3581 districtus
899 3530 960 3580 tum
983 3520 1096 3582 collium
1119 3520 1234 3599 anguli3
1254 3523 1284 3582 in
1300 3524 1409 3592 ceteris,
1433 3520 1509 3582 Weu

248 3655 302 3697 rex
328 3655 440 3696 summa
465 3643 554 3710 tenet,
583 3635 627 3696 On
656 3634 723 3692 Dux
748 3635 785 3693 ad
807 3652 918 3695 summa
954 3634 1045 3693 tendit
1079 3634 1271 3711 pervenitque,
1298 3637 1403 3714 priores
1428 3654 1509 3713 reges

248 3749 385 3829 populum
399 3751 521 3828 perfecte
534 3756 715 3809 renovarunt.
741 3778 782 3792 -
792 3748 930 3807 Notanda
943 3747 991 3806 hic
1004 3749 1088 3806 tertia
1101 3746 1246 3824 particula
1261 3728 1303 3810 l]
1316 3747 1484 3826 significatio
1499 3769 1508 3808 a

248 3864 388 3940 significat
410 3882 513 3940 nempe
526 3881 640 3922 causam
655 3870 685 3921 et
698 3861 848 3938 objectum,
862 3862 909 3935 ud,
923 3873 963 3934 ot,
973 3869 1106 3937 proptm
1128 3861 1168 3921 sic
1183 3836 1224 3919 iii
1239 3839 1280 3921 ss
1294 3858 1507 3941 propterquod,

248 3954 291 4039 fi
308 3954 349 4035 l]
366 3985 477 4055 propter
494 3975 556 4047 hoc,
572 3952 612 4030 fi
627 3950 669 4032 «la
683 3974 788 4034 sufficit
802 3974 847 4035 ad.

288 4085 331 4159 (6)
350 4091 427 4151 Illud
442 4066 484 4148 ff
499 4067 540 4152 lb
555 4090 586 4147 in
603 4065 644 4150 Ψ
666 4086 835 4167 particulam
857 4088 998 4159 desinens,
1021 4087 1171 4165 specialem
1192 4087 1247 4147 eibi
1269 4088 1395 4147 vindicat
1418 4087 1508 4147 animi

247 4204 446 4265 attentionem.
484 4201 600 4281 Duplex
614 4210 657 4261 est
670 4200 730 4279 ejus
743 4201 786 4260 ris
800 4222 807 4261 a
822 4199 984 4278 aliquando,
998 4210 1032 4260 ut
1045 4200 1101 4274 hio,
1115 4201 1145 4258 a‘t
1158 4210 1297 4277 oporteret,
1320 4219 1410 4259 umorue
1433 4200 1511 4259 illud

239 4319 336 4394 potius
350 4321 422 4395 steri
446 4326 588 4394 oporteret,
609 4326 641 4374 ut
726 4313 879 4391 aliqnando
902 4332 977 4387 vero,
1000 4323 1030 4372 ut
1051 4322 1133 4385 certo,
1146 4315 1298 4374 inmensa
1321 4331 1411 4372 marre
1434 4313 1510 4371 illud

245 4441 318 4489 cmo
329 4433 484 4505 bate-nor,
498 4439 530 4489 ut
548 4476 556 4490 .
568 4475 575 4490 .
589 4471 597 4488 .

284 4538 329 4615 <n
350 4545 458 4606 moon
480 4543 561 4604 illam
583 4543 723 4621 percipo
746 4551 845 4601 noum
865 4518 912 4617 ἓ,
927 4550 1056 4618 wasa,
1079 4540 1129 4622 pte
1150 4549 1243 4600 arao
1264 4541 1417 4601 anama
1441 4537 1507 4598 :aa

244 4655 406 4737 hujusmodi
418 4658 540 4740 phrases
552 4656 639 4718 sinim
651 4657 745 4717 efferri
758 4656 870 4717 debent
