<?xml version="1.0" encoding="UTF-8"?>
<!DOCTYPE html PUBLIC "-//W3C//DTD XHTML 1.0 Transitional//EN"
    "http://www.w3.org/TR/xhtml1/DTD/xhtml1-transitional.dtd">
<html xmlns="http://www.w3.org/1999/xhtml" xml:lang="en" lang="en">
 <head>
  <title>
</title>
<meta http-equiv="Content-Type" content="text/html;charset=utf-8" />
  <meta name='ocr-system' content='tesseract 3.04.00' />
  <meta name='ocr-capabilities' content='ocr_page ocr_carea ocr_par ocr_line ocrx_word'/>
</head>
<body>
  <div class='ocr_page' id='page_1' title='image "./cursuslitteratu00zottgoog_0183.png"; bbox 0 0 3574 5666; ppageno 0'>
   <div class='ocr_carea' id='block_1_1' title="bbox 11 4732 30 5659">
    <p class='ocr_par' dir='ltr' id='par_1_1' title="bbox 11 4732 30 5659">
     <span class='ocr_line' id='line_1_1' title="bbox 11 4732 24 5133; baseline 0 0"><span class='ocrx_word' id='word_1_1' title='bbox 11 4732 24 5133; x_wconf 89' lang='lat' dir='ltr'><strong>l</strong></span> 
     </span>
     <span class='ocr_line' id='line_1_2' title="bbox 17 5218 30 5659; baseline 0 0"><span class='ocrx_word' id='word_1_2' title='bbox 17 5218 30 5659; x_wconf 86' lang='lat' dir='ltr'><strong>l</strong></span> 
     </span>
    </p>
   </div>
   <div class='ocr_carea' id='block_1_2' title="bbox 576 519 1457 579">
    <p class='ocr_par' dir='ltr' id='par_1_2' title="bbox 576 519 1457 579">
     <span class='ocr_line' id='line_1_3' title="bbox 576 519 1457 579; baseline 0.002 -4"><span class='ocrx_word' id='word_1_3' title='bbox 576 533 667 576; x_wconf 78' lang='lat' dir='ltr'><strong>mnan</strong></span> <span class='ocrx_word' id='word_1_4' title='bbox 688 534 878 577; x_wconf 70' lang='lat' dir='ltr'><strong>carmanum</strong></span> <span class='ocrx_word' id='word_1_5' title='bbox 899 534 1086 579; x_wconf 75' lang='lat' dir='ltr'><strong>escussario</strong></span> <span class='ocrx_word' id='word_1_6' title='bbox 1402 519 1457 577; x_wconf 73' lang='lat'><strong>121</strong></span> 
     </span>
    </p>
   </div>
   <div class='ocr_carea' id='block_1_3' title="bbox 193 632 1460 1862">
    <p class='ocr_par' dir='ltr' id='par_1_3' title="bbox 196 632 1460 1070">
     <span class='ocr_line' id='line_1_4' title="bbox 196 632 1460 731; baseline 0.002 -20"><span class='ocrx_word' id='word_1_7' title='bbox 196 632 372 728; x_wconf 70' lang='lat' dir='ltr'><strong>pulsabatur</strong></span> <span class='ocrx_word' id='word_1_8' title='bbox 401 638 537 731; x_wconf 77' lang='lat' dir='ltr'><strong>cythara,</strong></span> <span class='ocrx_word' id='word_1_9' title='bbox 565 645 724 710; x_wconf 81' lang='lat' dir='ltr'><strong>inlabatur</strong></span> <span class='ocrx_word' id='word_1_10' title='bbox 750 661 898 729; x_wconf 76' lang='lat' dir='ltr'><strong>organum</strong></span> <span class='ocrx_word' id='word_1_11' title='bbox 924 665 932 709; x_wconf 75' lang='grc' dir='ltr'>ι</span> <span class='ocrx_word' id='word_1_12' title='bbox 958 662 1026 711; x_wconf 91' lang='lat' dir='ltr'><strong>cum</strong></span> <span class='ocrx_word' id='word_1_13' title='bbox 1054 647 1287 711; x_wconf 80' lang='lat' dir='ltr'><strong>ascendebantur</strong></span> <span class='ocrx_word' id='word_1_14' title='bbox 1314 648 1401 712; x_wconf 78' lang='lat' dir='ltr'><strong>scalae</strong></span> <span class='ocrx_word' id='word_1_15' title='bbox 1428 654 1460 713; x_wconf 90' lang='lat' dir='ltr'><strong>et</strong></span> 
     </span>
     <span class='ocr_line' id='line_1_5' title="bbox 196 759 1457 843; baseline 0 -19"><span class='ocrx_word' id='word_1_16' title='bbox 196 759 376 825; x_wconf 89' lang='lat' dir='ltr'><strong>tenebantur</strong></span> <span class='ocrx_word' id='word_1_17' title='bbox 389 762 513 843; x_wconf 66' lang='lat' dir='ltr'><strong>medus,</strong></span> <span class='ocrx_word' id='word_1_18' title='bbox 536 759 690 842; x_wconf 79' lang='lat' dir='ltr'><strong>galeriani</strong></span> <span class='ocrx_word' id='word_1_19' title='bbox 714 759 910 824; x_wconf 88' lang='lat' dir='ltr'><strong>movebantur</strong></span> <span class='ocrx_word' id='word_1_20' title='bbox 932 759 1009 824; x_wconf 90' lang='lat' dir='ltr'><strong>sieut</strong></span> <span class='ocrx_word' id='word_1_21' title='bbox 1032 760 1125 824; x_wconf 82' lang='lat' dir='ltr'><strong>stellae</strong></span> <span class='ocrx_word' id='word_1_22' title='bbox 1142 762 1353 826; x_wconf 90' lang='lat' dir='ltr'><strong>:dextrorsum</strong></span> <span class='ocrx_word' id='word_1_23' title='bbox 1377 777 1457 825; x_wconf 89' lang='lat' dir='ltr'><strong>eom·</strong></span> 
     </span>
     <span class='ocr_line' id='line_1_6' title="bbox 196 872 1458 956; baseline 0.001 -19"><span class='ocrx_word' id='word_1_24' title='bbox 196 872 407 937; x_wconf 89' lang='lat' dir='ltr'><strong>municabatur</strong></span> <span class='ocrx_word' id='word_1_25' title='bbox 420 889 488 938; x_wconf 86' lang='lat' dir='ltr'><strong>curn</strong></span> <span class='ocrx_word' id='word_1_26' title='bbox 502 873 611 953; x_wconf 91' lang='lat' dir='ltr'><strong>palatio</strong></span> <span class='ocrx_word' id='word_1_27' title='bbox 624 873 733 956; x_wconf 76' lang='lat' dir='ltr'><strong>Koaug</strong></span> <span class='ocrx_word' id='word_1_28' title='bbox 745 873 804 950; x_wconf 89' lang='lat' dir='ltr'><strong>nei,</strong></span> <span class='ocrx_word' id='word_1_29' title='bbox 821 873 1026 937; x_wconf 86' lang='lat' dir='ltr'><strong>sinistrorsum</strong></span> <span class='ocrx_word' id='word_1_30' title='bbox 1046 873 1256 954; x_wconf 84' lang='lat' dir='ltr'><strong>penetrabatur</strong></span> <span class='ocrx_word' id='word_1_31' title='bbox 1268 874 1299 937; x_wconf 94' lang='lat' dir='ltr'><strong>in</strong></span> <span class='ocrx_word' id='word_1_32' title='bbox 1313 874 1458 953; x_wconf 89' lang='lat' dir='ltr'><strong>palatium</strong></span> 
     </span>
     <span class='ocr_line' id='line_1_7' title="bbox 196 983 495 1070; baseline -0.003 -19"><span class='ocrx_word' id='word_1_33' title='bbox 196 986 322 1069; x_wconf 78' lang='lat' dir='ltr'><strong>Tcheng</strong></span> <span class='ocrx_word' id='word_1_34' title='bbox 336 988 424 1070; x_wconf 79' lang='lat' dir='ltr'><strong>ming</strong></span> <span class='ocrx_word' id='word_1_35' title='bbox 440 983 495 1070; x_wconf 86' lang='lat' dir='ltr'><strong>(l).</strong></span> 
     </span>
    </p>

    <p class='ocr_par' dir='ltr' id='par_1_4' title="bbox 193 1098 1457 1862">
     <span class='ocr_line' id='line_1_8' title="bbox 237 1098 1456 1180; baseline 0.002 -16"><span class='ocrx_word' id='word_1_36' title='bbox 237 1099 269 1164; x_wconf 72' lang='grc'><strong>2.</strong></span> <span class='ocrx_word' id='word_1_37' title='bbox 292 1101 366 1165; x_wconf 82' lang='lat' dir='ltr'><strong>dum</strong></span> <span class='ocrx_word' id='word_1_38' title='bbox 388 1099 505 1165; x_wconf 91' lang='lat' dir='ltr'><strong>collecti</strong></span> <span class='ocrx_word' id='word_1_39' title='bbox 519 1098 629 1163; x_wconf 87' lang='lat' dir='ltr'><strong>tuerint</strong></span> <span class='ocrx_word' id='word_1_40' title='bbox 642 1099 732 1163; x_wconf 89' lang='lat' dir='ltr'><strong>trium</strong></span> <span class='ocrx_word' id='word_1_41' title='bbox 753 1099 970 1179; x_wconf 88' lang='lat' dir='ltr'><strong>Imperatorum</strong></span> <span class='ocrx_word' id='word_1_42' title='bbox 986 1101 1109 1164; x_wconf 89' lang='lat' dir='ltr'><strong>annales</strong></span> <span class='ocrx_word' id='word_1_43' title='bbox 1122 1106 1153 1164; x_wconf 92' lang='lat' dir='ltr'><strong>et</strong></span> <span class='ocrx_word' id='word_1_44' title='bbox 1166 1101 1295 1180; x_wconf 82' lang='lat' dir='ltr'><strong>quinque</strong></span> <span class='ocrx_word' id='word_1_45' title='bbox 1320 1101 1456 1166; x_wconf 82' lang='lat' dir='ltr'><strong>bonnua-</strong></span> 
     </span>
     <span class='ocr_line' id='line_1_9' title="bbox 196 1212 1454 1295; baseline 0.002 -19"><span class='ocrx_word' id='word_1_46' title='bbox 196 1218 296 1276; x_wconf 91' lang='lat' dir='ltr'><strong>torum</strong></span> <span class='ocrx_word' id='word_1_47' title='bbox 306 1212 460 1290; x_wconf 86' lang='lat' dir='ltr'><strong>chronica,</strong></span> <span class='ocrx_word' id='word_1_48' title='bbox 471 1212 561 1276; x_wconf 91' lang='lat' dir='ltr'><strong>ctiam</strong></span> <span class='ocrx_word' id='word_1_49' title='bbox 570 1212 943 1295; x_wconf 75' lang='lat' dir='ltr'><strong>congregabanturomnes</strong></span> <span class='ocrx_word' id='word_1_50' title='bbox 951 1214 1117 1293; x_wconf 79' lang='lat' dir='ltr'><strong>sapientes3</strong></span> <span class='ocrx_word' id='word_1_51' title='bbox 1130 1218 1160 1277; x_wconf 94' lang='lat' dir='ltr'><strong>et</strong></span> <span class='ocrx_word' id='word_1_52' title='bbox 1168 1213 1232 1277; x_wconf 90' lang='lat' dir='ltr'><strong>Tou</strong></span> <span class='ocrx_word' id='word_1_53' title='bbox 1241 1214 1454 1294; x_wconf 86' lang='lat' dir='ltr'><strong>manuscripta,</strong></span> 
     </span>
     <span class='ocr_line' id='line_1_10' title="bbox 195 1325 1457 1409; baseline 0.002 -19"><span class='ocrx_word' id='word_1_54' title='bbox 195 1331 226 1390; x_wconf 87' lang='lat' dir='ltr'><strong>et</strong></span> <span class='ocrx_word' id='word_1_55' title='bbox 249 1325 376 1409; x_wconf 79' lang='lat' dir='ltr'><strong>Tchong</strong></span> <span class='ocrx_word' id='word_1_56' title='bbox 399 1325 520 1406; x_wconf 90' lang='lat' dir='ltr'><strong>scriptio</strong></span> <span class='ocrx_word' id='word_1_57' title='bbox 544 1326 700 1405; x_wconf 86' lang='lat' dir='ltr'><strong>quadrata,</strong></span> <span class='ocrx_word' id='word_1_58' title='bbox 721 1333 752 1390; x_wconf 93' lang='lat' dir='ltr'><strong>et</strong></span> <span class='ocrx_word' id='word_1_59' title='bbox 763 1325 883 1390; x_wconf 87' lang='lat' dir='ltr'><strong>rernice</strong></span> <span class='ocrx_word' id='word_1_60' title='bbox 908 1326 1042 1407; x_wconf 89' lang='lat' dir='ltr'><strong>inscripti</strong></span> <span class='ocrx_word' id='word_1_61' title='bbox 1066 1326 1145 1402; x_wconf 85' lang='lat' dir='ltr'><strong>libri,</strong></span> <span class='ocrx_word' id='word_1_62' title='bbox 1160 1333 1290 1391; x_wconf 92' lang='lat' dir='ltr'><strong>etmuro</strong></span> <span class='ocrx_word' id='word_1_63' title='bbox 1314 1328 1457 1393; x_wconf 78' lang='lat' dir='ltr'><strong>reconditi</strong></span> 
     </span>
     <span class='ocr_line' id='line_1_11' title="bbox 194 1436 1457 1524; baseline 0.002 -22"><span class='ocrx_word' id='word_1_64' title='bbox 194 1439 319 1503; x_wconf 82' lang='lat' dir='ltr'><strong>mnales</strong></span> <span class='ocrx_word' id='word_1_65' title='bbox 334 1436 390 1524; x_wconf 77' lang='lat' dir='ltr'><strong>(t).</strong></span> <span class='ocrx_word' id='word_1_66' title='bbox 412 1439 559 1504; x_wconf 88' lang='lat' dir='ltr'><strong>Palatium</strong></span> <span class='ocrx_word' id='word_1_67' title='bbox 577 1438 792 1504; x_wconf 83' lang='lat' dir='ltr'><strong>intercidebant</strong></span> <span class='ocrx_word' id='word_1_68' title='bbox 803 1439 894 1503; x_wconf 88' lang='lat' dir='ltr'><strong>duces</strong></span> <span class='ocrx_word' id='word_1_69' title='bbox 903 1445 934 1503; x_wconf 91' lang='lat' dir='ltr'><strong>et</strong></span> <span class='ocrx_word' id='word_1_70' title='bbox 941 1454 1119 1517; x_wconf 87' lang='lat' dir='ltr'><strong>assessores,</strong></span> <span class='ocrx_word' id='word_1_71' title='bbox 1134 1440 1214 1503; x_wconf 74' lang='lat' dir='ltr'><strong>mam</strong></span> <span class='ocrx_word' id='word_1_72' title='bbox 1232 1439 1457 1520; x_wconf 80' lang='lat' dir='ltr'><strong>intercipiebant</strong></span> 
     </span>
     <span class='ocr_line' id='line_1_12' title="bbox 194 1528 1457 1636; baseline 0.005 -21"><span class='ocrx_word' id='word_1_73' title='bbox 194 1567 211 1615; x_wconf 85' lang='lat' dir='ltr'><strong>a</strong></span> <span class='ocrx_word' id='word_1_74' title='bbox 226 1554 356 1632; x_wconf 85' lang='lat' dir='ltr'><strong>sophora</strong></span> <span class='ocrx_word' id='word_1_75' title='bbox 370 1553 499 1617; x_wconf 89' lang='lat' dir='ltr'><strong>ministri</strong></span> <span class='ocrx_word' id='word_1_76' title='bbox 515 1549 570 1636; x_wconf 79' lang='grc'>(3).</span> <span class='ocrx_word' id='word_1_77' title='bbox 593 1552 704 1617; x_wconf 80' lang='lat' dir='ltr'><strong>bonnm</strong></span> <span class='ocrx_word' id='word_1_78' title='bbox 718 1553 748 1615; x_wconf 94' lang='lat' dir='ltr'><strong>in</strong></span> <span class='ocrx_word' id='word_1_79' title='bbox 762 1552 883 1616; x_wconf 86' lang='lat' dir='ltr'><strong>tendum</strong></span> <span class='ocrx_word' id='word_1_80' title='bbox 896 1559 982 1617; x_wconf 86' lang='lat' dir='ltr'><strong>erant</strong></span> <span class='ocrx_word' id='word_1_81' title='bbox 995 1561 1062 1618; x_wconf 87' lang='lat' dir='ltr'><strong>octo</strong></span> <span class='ocrx_word' id='word_1_82' title='bbox 1075 1528 1275 1631; x_wconf 81' lang='lat' dir='ltr'><strong>districtuum,</strong></span> <span class='ocrx_word' id='word_1_83' title='bbox 1298 1561 1329 1617; x_wconf 91' lang='lat' dir='ltr'><strong>et</strong></span> <span class='ocrx_word' id='word_1_84' title='bbox 1349 1555 1457 1634; x_wconf 84' lang='lat' dir='ltr'><strong>cuique</strong></span> 
     </span>
     <span class='ocr_line' id='line_1_13' title="bbox 194 1663 1454 1750; baseline 0.004 -22"><span class='ocrx_word' id='word_1_85' title='bbox 194 1664 315 1729; x_wconf 82' lang='lat' dir='ltr'><strong>iamiliae</strong></span> <span class='ocrx_word' id='word_1_86' title='bbox 328 1666 389 1730; x_wconf 90' lang='lat' dir='ltr'><strong>dati</strong></span> <span class='ocrx_word' id='word_1_87' title='bbox 403 1666 486 1730; x_wconf 92' lang='lat' dir='ltr'><strong>mille</strong></span> <span class='ocrx_word' id='word_1_88' title='bbox 506 1665 616 1730; x_wconf 86' lang='lat' dir='ltr'><strong>milites</strong></span> <span class='ocrx_word' id='word_1_89' title='bbox 641 1663 684 1750; x_wconf 76' lang='lat' dir='ltr'><strong>(t)</strong></span> <span class='ocrx_word' id='word_1_90' title='bbox 701 1685 709 1729; x_wconf 90' lang='lat'>:</span> <span class='ocrx_word' id='word_1_91' title='bbox 726 1666 868 1730; x_wconf 89' lang='lat' dir='ltr'><strong>sublimes</strong></span> <span class='ocrx_word' id='word_1_92' title='bbox 888 1666 1007 1749; x_wconf 79' lang='lat' dir='ltr'><strong>galerici</strong></span> <span class='ocrx_word' id='word_1_93' title='bbox 1030 1665 1249 1731; x_wconf 86' lang='lat' dir='ltr'><strong>comitabantur</strong></span> <span class='ocrx_word' id='word_1_94' title='bbox 1271 1682 1392 1731; x_wconf 90' lang='lat' dir='ltr'><strong>currum</strong></span> <span class='ocrx_word' id='word_1_95' title='bbox 1409 1683 1454 1733; x_wconf 90' lang='lat' dir='ltr'><strong>re·</strong></span> 
     </span>
     <span class='ocr_line' id='line_1_14' title="bbox 193 1777 1455 1862; baseline 0.002 -20"><span class='ocrx_word' id='word_1_96' title='bbox 193 1777 292 1860; x_wconf 70' lang='lat' dir='ltr'><strong>pium,</strong></span> <span class='ocrx_word' id='word_1_97' title='bbox 315 1779 510 1859; x_wconf 86' lang='lat' dir='ltr'><strong>impulsisque</strong></span> <span class='ocrx_word' id='word_1_98' title='bbox 533 1779 607 1845; x_wconf 89' lang='lat' dir='ltr'><strong>rotis</strong></span> <span class='ocrx_word' id='word_1_99' title='bbox 630 1779 821 1862; x_wconf 81' lang='lat' dir='ltr'><strong>agitabantur</strong></span> <span class='ocrx_word' id='word_1_100' title='bbox 848 1780 943 1862; x_wconf 78' lang='lat' dir='ltr'><strong>galeri</strong></span> <span class='ocrx_word' id='word_1_101' title='bbox 966 1780 1080 1844; x_wconf 87' lang='lat' dir='ltr'><strong>ssooculi</strong></span> <span class='ocrx_word' id='word_1_102' title='bbox 1107 1798 1114 1843; x_wconf 94' lang='lat'>:</span> <span class='ocrx_word' id='word_1_103' title='bbox 1142 1779 1320 1844; x_wconf 87' lang='lat' dir='ltr'><strong>haereditarii</strong></span> <span class='ocrx_word' id='word_1_104' title='bbox 1342 1781 1455 1845; x_wconf 88' lang='lat' dir='ltr'><strong>reditus</strong></span> 
     </span>
    </p>
   </div>
   <div class='ocr_carea' id='block_1_4' title="bbox 191 2009 1454 2345">
    <p class='ocr_par' dir='ltr' id='par_1_5' title="bbox 191 2009 1454 2345">
     <span class='ocr_line' id='line_1_15' title="bbox 232 2009 1454 2117; baseline 0.002 -21"><span class='ocrx_word' id='word_1_105' title='bbox 232 2028 280 2109; x_wconf 79' lang='lat' dir='ltr'><strong>(tl</strong></span> <span class='ocrx_word' id='word_1_106' title='bbox 300 2037 458 2116; x_wconf 80' lang='lat' dir='ltr'><strong>Descriptio</strong></span> <span class='ocrx_word' id='word_1_107' title='bbox 471 2056 507 2097; x_wconf 82' lang='lat' dir='ltr'><strong>ex</strong></span> <span class='ocrx_word' id='word_1_108' title='bbox 524 2036 608 2097; x_wconf 85' lang='lat' dir='ltr'><strong>variis</strong></span> <span class='ocrx_word' id='word_1_109' title='bbox 628 2036 707 2096; x_wconf 87' lang='lat' dir='ltr'><strong>libris</strong></span> <span class='ocrx_word' id='word_1_110' title='bbox 727 2045 882 2115; x_wconf 73' lang='lat' dir='ltr'><strong>excerptae</strong></span> <span class='ocrx_word' id='word_1_111' title='bbox 901 2018 939 2101; x_wconf 57' lang='grc' dir='ltr'><strong>ἦ</strong></span> <span class='ocrx_word' id='word_1_112' title='bbox 955 2009 999 2100; x_wconf 56' lang='grc' dir='ltr'><strong>θ</strong></span> <span class='ocrx_word' id='word_1_113' title='bbox 1011 2057 1087 2097; x_wconf 90' lang='lat' dir='ltr'><strong>nunc</strong></span> <span class='ocrx_word' id='word_1_114' title='bbox 1105 2038 1209 2116; x_wconf 88' lang='lat' dir='ltr'><strong>passim</strong></span> <span class='ocrx_word' id='word_1_115' title='bbox 1222 2058 1274 2116; x_wconf 88' lang='lat' dir='ltr'><strong>pro</strong></span> <span class='ocrx_word' id='word_1_116' title='bbox 1287 2038 1454 2117; x_wconf 82' lang='lat' dir='ltr'><strong>sepulchrali</strong></span> 
     </span>
     <span class='ocr_line' id='line_1_16' title="bbox 191 2128 1452 2231; baseline 0.001 -20"><span class='ocrx_word' id='word_1_117' title='bbox 191 2151 255 2211; x_wconf 88' lang='lat' dir='ltr'><strong>aede</strong></span> <span class='ocrx_word' id='word_1_118' title='bbox 268 2161 421 2231; x_wconf 87' lang='lat' dir='ltr'><strong>usurpatur</strong></span> <span class='ocrx_word' id='word_1_119' title='bbox 434 2172 442 2211; x_wconf 87' lang='lat'>;</span> <span class='ocrx_word' id='word_1_120' title='bbox 457 2151 619 2210; x_wconf 83' lang='lat' dir='ltr'><strong>absumitur</strong></span> <span class='ocrx_word' id='word_1_121' title='bbox 633 2151 722 2210; x_wconf 87' lang='lat' dir='ltr'><strong>etiam</strong></span> <span class='ocrx_word' id='word_1_122' title='bbox 737 2169 787 2228; x_wconf 87' lang='lat' dir='ltr'><strong>pro</strong></span> <span class='ocrx_word' id='word_1_123' title='bbox 800 2150 878 2209; x_wconf 89' lang='lat' dir='ltr'><strong>omni</strong></span> <span class='ocrx_word' id='word_1_124' title='bbox 892 2150 952 2210; x_wconf 79' lang='lat' dir='ltr'><strong>oede</strong></span> <span class='ocrx_word' id='word_1_125' title='bbox 966 2130 1205 2227; x_wconf 65' lang='lat' dir='ltr'><strong>secundariail]</strong></span> <span class='ocrx_word' id='word_1_126' title='bbox 1223 2133 1261 2216; x_wconf 59' lang='grc' dir='ltr'>ἦ</span> <span class='ocrx_word' id='word_1_127' title='bbox 1276 2129 1317 2212; x_wconf 57' lang='grc' dir='ltr'>Β</span> <span class='ocrx_word' id='word_1_128' title='bbox 1328 2130 1368 2212; x_wconf 47' lang='lat' dir='ltr'><em>ff</em></span> <span class='ocrx_word' id='word_1_129' title='bbox 1385 2128 1452 2217; x_wconf 49' lang='grc' dir='ltr'><strong>ᾗ</strong></span> 
     </span>
     <span class='ocr_line' id='line_1_17' title="bbox 192 2261 1454 2345; baseline 0.004 -22"><span class='ocrx_word' id='word_1_130' title='bbox 192 2263 320 2342; x_wconf 83' lang='lat' dir='ltr'><strong>Antiqui</strong></span> <span class='ocrx_word' id='word_1_131' title='bbox 332 2265 433 2324; x_wconf 89' lang='lat' dir='ltr'><strong>storeis</strong></span> <span class='ocrx_word' id='word_1_132' title='bbox 445 2264 614 2323; x_wconf 77' lang='lat' dir='ltr'><strong>insidebant.</strong></span> <span class='ocrx_word' id='word_1_133' title='bbox 642 2261 755 2324; x_wconf 86' lang='lat' dir='ltr'><strong>Palatia</strong></span> <span class='ocrx_word' id='word_1_134' title='bbox 769 2262 928 2341; x_wconf 86' lang='lat' dir='ltr'><strong>adjacentia</strong></span> <span class='ocrx_word' id='word_1_135' title='bbox 949 2263 1057 2342; x_wconf 84' lang='lat' dir='ltr'><strong>Koang</strong></span> <span class='ocrx_word' id='word_1_136' title='bbox 1069 2265 1117 2324; x_wconf 92' lang='lat' dir='ltr'><strong>nei</strong></span> <span class='ocrx_word' id='word_1_137' title='bbox 1130 2273 1159 2324; x_wconf 88' lang='lat' dir='ltr'><strong>et</strong></span> <span class='ocrx_word' id='word_1_138' title='bbox 1174 2263 1293 2343; x_wconf 84' lang='lat' dir='ltr'><strong>Tebeng</strong></span> <span class='ocrx_word' id='word_1_139' title='bbox 1306 2266 1387 2345; x_wconf 86' lang='lat' dir='ltr'><strong>ming</strong></span> <span class='ocrx_word' id='word_1_140' title='bbox 1399 2267 1454 2328; x_wconf 92' lang='lat' dir='ltr'><strong>sub</strong></span> 
     </span>
    </p>
   </div>
   <div class='ocr_carea' id='block_1_5' title="bbox 158 2377 679 2455">
    <p class='ocr_par' dir='ltr' id='par_1_6' title="bbox 158 2377 679 2455">
     <span class='ocr_line' id='line_1_18' title="bbox 158 2377 679 2455; baseline -0.008 -17"><span class='ocrx_word' id='word_1_141' title='bbox 158 2445 162 2452; x_wconf 13' lang='lat' dir='ltr'><strong>p</strong></span> <span class='ocrx_word' id='word_1_142' title='bbox 190 2379 328 2455; x_wconf 84' lang='lat' dir='ltr'><strong>dynastia</strong></span> <span class='ocrx_word' id='word_1_143' title='bbox 342 2377 410 2437; x_wconf 88' lang='lat' dir='ltr'><strong>Han</strong></span> <span class='ocrx_word' id='word_1_144' title='bbox 425 2378 496 2437; x_wconf 91' lang='lat' dir='ltr'><strong>item</strong></span> <span class='ocrx_word' id='word_1_145' title='bbox 509 2384 679 2437; x_wconf 77' lang='lat' dir='ltr'><strong>constancia.</strong></span> 
     </span>
    </p>
   </div>
   <div class='ocr_carea' id='block_1_6' title="bbox 175 2467 1453 3809">
    <p class='ocr_par' dir='ltr' id='par_1_7' title="bbox 183 2467 1453 3134">
     <span class='ocr_line' id='line_1_19' title="bbox 230 2467 1453 2571; baseline 0.002 -21"><span class='ocrx_word' id='word_1_146' title='bbox 230 2476 278 2558; x_wconf 80' lang='lat'><strong>(2)</strong></span> <span class='ocrx_word' id='word_1_147' title='bbox 292 2471 332 2551; x_wconf 79' lang='grc' dir='ltr'>Ξ</span> <span class='ocrx_word' id='word_1_148' title='bbox 348 2467 390 2555; x_wconf 63' lang='lat' dir='ltr'>ffl</span> <span class='ocrx_word' id='word_1_149' title='bbox 405 2491 555 2549; x_wconf 81' lang='lat' dir='ltr'><strong>continent</strong></span> <span class='ocrx_word' id='word_1_150' title='bbox 576 2486 688 2550; x_wconf 80' lang='lat' dir='ltr'><strong>fabulas</strong></span> <span class='ocrx_word' id='word_1_151' title='bbox 702 2511 710 2549; x_wconf 75' lang='lat' dir='ltr'><strong>a</strong></span> <span class='ocrx_word' id='word_1_152' title='bbox 727 2467 769 2549; x_wconf 64' lang='grc' dir='ltr'>ᾗ</span> <span class='ocrx_word' id='word_1_153' title='bbox 782 2470 822 2552; x_wconf 53' lang='lat' dir='ltr'><strong>&gt;Q</strong></span> <span class='ocrx_word' id='word_1_154' title='bbox 839 2497 908 2550; x_wconf 87' lang='lat' dir='ltr'><strong>sunt</strong></span> <span class='ocrx_word' id='word_1_155' title='bbox 921 2490 1044 2568; x_wconf 88' lang='lat' dir='ltr'><strong>quinque</strong></span> <span class='ocrx_word' id='word_1_156' title='bbox 1058 2492 1152 2569; x_wconf 89' lang='lat' dir='ltr'><strong>priora</strong></span> <span class='ocrx_word' id='word_1_157' title='bbox 1165 2491 1260 2571; x_wconf 88' lang='lat' dir='ltr'><strong>capita</strong></span> <span class='ocrx_word' id='word_1_158' title='bbox 1273 2491 1338 2553; x_wconf 88' lang='lat' dir='ltr'><strong>libri</strong></span> <span class='ocrx_word' id='word_1_159' title='bbox 1352 2491 1453 2552; x_wconf 88' lang='lat' dir='ltr'><strong>Anna·</strong></span> 
     </span>
     <span class='ocr_line' id='line_1_20' title="bbox 187 2581 1451 2684; baseline 0.003 -22"><span class='ocrx_word' id='word_1_160' title='bbox 187 2602 261 2663; x_wconf 88' lang='lat' dir='ltr'><strong>lium</strong></span> <span class='ocrx_word' id='word_1_161' title='bbox 278 2627 286 2663; x_wconf 77' lang='grc' dir='ltr'><strong><em>ε</em></strong></span> <span class='ocrx_word' id='word_1_162' title='bbox 301 2581 343 2664; x_wconf 60' lang='grc' dir='ltr'><strong>ΗΞ</strong></span> <span class='ocrx_word' id='word_1_163' title='bbox 359 2583 400 2665; x_wconf 59' lang='grc' dir='ltr'>Ε</span> <span class='ocrx_word' id='word_1_164' title='bbox 414 2613 476 2662; x_wconf 89' lang='lat' dir='ltr'><strong>erat</strong></span> <span class='ocrx_word' id='word_1_165' title='bbox 493 2602 685 2682; x_wconf 80' lang='lat' dir='ltr'><strong>calligraphus</strong></span> <span class='ocrx_word' id='word_1_166' title='bbox 697 2604 751 2664; x_wconf 88' lang='lat' dir='ltr'><strong>sub</strong></span> <span class='ocrx_word' id='word_1_167' title='bbox 762 2603 832 2680; x_wconf 85' lang='lat' dir='ltr'><strong>dyn.</strong></span> <span class='ocrx_word' id='word_1_168' title='bbox 854 2602 932 2676; x_wconf 86' lang='lat' dir='ltr'><strong>Han,</strong></span> <span class='ocrx_word' id='word_1_169' title='bbox 947 2604 1125 2682; x_wconf 84' lang='lat' dir='ltr'><strong>inexpedita</strong></span> <span class='ocrx_word' id='word_1_170' title='bbox 1147 2605 1295 2684; x_wconf 85' lang='lat' dir='ltr'><strong>scriptione</strong></span> <span class='ocrx_word' id='word_1_171' title='bbox 1312 2603 1451 2666; x_wconf 85' lang='lat' dir='ltr'><strong>celebris:</strong></span> 
     </span>
     <span class='ocr_line' id='line_1_21' title="bbox 188 2691 1452 2795; baseline 0.002 -17"><span class='ocrx_word' id='word_1_172' title='bbox 188 2694 234 2778; x_wconf 60' lang='lat' dir='ltr'>fi</span> <span class='ocrx_word' id='word_1_173' title='bbox 251 2691 296 2779; x_wconf 49' lang='lat' dir='ltr'>a</span> <span class='ocrx_word' id='word_1_174' title='bbox 309 2719 362 2779; x_wconf 88' lang='lat' dir='ltr'><strong>snb</strong></span> <span class='ocrx_word' id='word_1_175' title='bbox 375 2717 445 2794; x_wconf 72' lang='lat' dir='ltr'><strong>dyn-</strong></span> <span class='ocrx_word' id='word_1_176' title='bbox 459 2694 512 2788; x_wconf 52' lang='lat' dir='ltr'><strong>ff,</strong></span> <span class='ocrx_word' id='word_1_177' title='bbox 526 2724 589 2775; x_wconf 87' lang='lat' dir='ltr'><strong>erat</strong></span> <span class='ocrx_word' id='word_1_178' title='bbox 601 2715 719 2776; x_wconf 71' lang='lat' dir='ltr'><strong>mlebrls</strong></span> <span class='ocrx_word' id='word_1_179' title='bbox 732 2717 762 2776; x_wconf 91' lang='lat' dir='ltr'><strong>iu</strong></span> <span class='ocrx_word' id='word_1_180' title='bbox 774 2716 924 2793; x_wconf 89' lang='lat' dir='ltr'><strong>scriptione</strong></span> <span class='ocrx_word' id='word_1_181' title='bbox 939 2717 1079 2793; x_wconf 84' lang='lat' dir='ltr'><strong>quadrata</strong></span> <span class='ocrx_word' id='word_1_182' title='bbox 1092 2719 1217 2795; x_wconf 88' lang='lat' dir='ltr'><strong>antiquae</strong></span> <span class='ocrx_word' id='word_1_183' title='bbox 1240 2719 1403 2793; x_wconf 87' lang='lat' dir='ltr'><strong>substituta,</strong></span> <span class='ocrx_word' id='word_1_184' title='bbox 1418 2727 1452 2780; x_wconf 87' lang='lat' dir='ltr'><strong>ut</strong></span> 
     </span>
     <span class='ocr_line' id='line_1_22' title="bbox 185 2829 1452 2909; baseline 0.002 -19"><span class='ocrx_word' id='word_1_185' title='bbox 185 2831 411 2892; x_wconf 81' lang='lat' dir='ltr'><strong>amanuensibus</strong></span> <span class='ocrx_word' id='word_1_186' title='bbox 425 2829 521 2900; x_wconf 84' lang='lat' dir='ltr'><strong>serris,</strong></span> <span class='ocrx_word' id='word_1_187' title='bbox 535 2830 612 2889; x_wconf 89' lang='lat' dir='ltr'><strong>uude</strong></span> <span class='ocrx_word' id='word_1_188' title='bbox 621 2848 726 2888; x_wconf 89' lang='lat' dir='ltr'><strong>nornen</strong></span> <span class='ocrx_word' id='word_1_189' title='bbox 741 2829 857 2907; x_wconf 85' lang='lat' dir='ltr'><strong>accepit,</strong></span> <span class='ocrx_word' id='word_1_190' title='bbox 872 2836 947 2889; x_wconf 83' lang='lat' dir='ltr'><strong>esset</strong></span> <span class='ocrx_word' id='word_1_191' title='bbox 956 2830 1136 2890; x_wconf 87' lang='lat' dir='ltr'><strong>commodior.</strong></span> <span class='ocrx_word' id='word_1_192' title='bbox 1152 2831 1282 2909; x_wconf 80' lang='lat' dir='ltr'><strong>Antiqui,</strong></span> <span class='ocrx_word' id='word_1_193' title='bbox 1297 2833 1452 2892; x_wconf 86' lang='lat' dir='ltr'><strong>atramenti</strong></span> 
     </span>
     <span class='ocr_line' id='line_1_23' title="bbox 184 2920 1452 3021; baseline 0.002 -19"><span class='ocrx_word' id='word_1_194' title='bbox 184 2942 261 3016; x_wconf 88' lang='lat' dir='ltr'><strong>loco,</strong></span> <span class='ocrx_word' id='word_1_195' title='bbox 289 2944 399 3004; x_wconf 79' lang='lat' dir='ltr'><strong>vernioe</strong></span> <span class='ocrx_word' id='word_1_196' title='bbox 421 2942 589 3003; x_wconf 85' lang='lat' dir='ltr'><strong>bambusam</strong></span> <span class='ocrx_word' id='word_1_197' title='bbox 616 2942 814 3002; x_wconf 76' lang='lat' dir='ltr'><strong>inscribebant</strong></span> <span class='ocrx_word' id='word_1_198' title='bbox 844 2940 976 3001; x_wconf 80' lang='lat' dir='ltr'><strong>Coniucii</strong></span> <span class='ocrx_word' id='word_1_199' title='bbox 999 2942 1133 3021; x_wconf 85' lang='lat' dir='ltr'><strong>abnepos,</strong></span> <span class='ocrx_word' id='word_1_200' title='bbox 1159 2945 1275 3004; x_wconf 88' lang='lat' dir='ltr'><strong>nomine</strong></span> <span class='ocrx_word' id='word_1_201' title='bbox 1294 2920 1346 3018; x_wconf 56' lang='lat' dir='ltr'><strong>ff,</strong></span> <span class='ocrx_word' id='word_1_202' title='bbox 1369 2964 1452 3005; x_wconf 88' lang='lat' dir='ltr'><strong>muro</strong></span> 
     </span>
     <span class='ocr_line' id='line_1_24' title="bbox 183 3054 1450 3134; baseline 0.002 -18"><span class='ocrx_word' id='word_1_203' title='bbox 183 3057 379 3118; x_wconf 85' lang='lat' dir='ltr'><strong>absconderat</strong></span> <span class='ocrx_word' id='word_1_204' title='bbox 400 3055 504 3115; x_wconf 84' lang='lat' dir='ltr'><strong>librum</strong></span> <span class='ocrx_word' id='word_1_205' title='bbox 529 3054 694 3129; x_wconf 85' lang='lat' dir='ltr'><strong>Annalium,</strong></span> <span class='ocrx_word' id='word_1_206' title='bbox 715 3055 766 3132; x_wconf 90' lang='lat' dir='ltr'><strong>qui</strong></span> <span class='ocrx_word' id='word_1_207' title='bbox 784 3055 850 3115; x_wconf 89' lang='lat' dir='ltr'><strong>dein</strong></span> <span class='ocrx_word' id='word_1_208' title='bbox 870 3055 926 3114; x_wconf 90' lang='lat' dir='ltr'><strong>fnit</strong></span> <span class='ocrx_word' id='word_1_209' title='bbox 945 3065 1072 3134; x_wconf 89' lang='lat' dir='ltr'><strong>repertus</strong></span> <span class='ocrx_word' id='word_1_210' title='bbox 1086 3057 1116 3114; x_wconf 88' lang='lat' dir='ltr'><strong>in</strong></span> <span class='ocrx_word' id='word_1_211' title='bbox 1130 3057 1318 3117; x_wconf 88' lang='lat' dir='ltr'><strong>destructione</strong></span> <span class='ocrx_word' id='word_1_212' title='bbox 1341 3058 1450 3119; x_wconf 87' lang='lat' dir='ltr'><strong>domus.</strong></span> 
     </span>
    </p>

    <p class='ocr_par' dir='ltr' id='par_1_8' title="bbox 176 3144 1452 3587">
     <span class='ocr_line' id='line_1_25' title="bbox 224 3144 1451 3247; baseline 0.003 -17"><span class='ocrx_word' id='word_1_213' title='bbox 224 3159 278 3240; x_wconf 87' lang='grc'><strong>(3)</strong></span> <span class='ocrx_word' id='word_1_214' title='bbox 297 3168 391 3230; x_wconf 84' lang='lat' dir='ltr'><strong>Juxta</strong></span> <span class='ocrx_word' id='word_1_215' title='bbox 409 3166 524 3229; x_wconf 84' lang='lat' dir='ltr'><strong>Tcheou</strong></span> <span class='ocrx_word' id='word_1_216' title='bbox 537 3169 678 3245; x_wconf 73' lang='lat' dir='ltr'><strong>dynastia</strong></span> <span class='ocrx_word' id='word_1_217' title='bbox 689 3169 896 3242; x_wconf 87' lang='lat' dir='ltr'><strong>coeremoniale,</strong></span> <span class='ocrx_word' id='word_1_218' title='bbox 916 3169 1026 3247; x_wconf 77' lang='lat' dir='ltr'><strong>regium</strong></span> <span class='ocrx_word' id='word_1_219' title='bbox 1049 3169 1220 3229; x_wconf 88' lang='lat' dir='ltr'><strong>auditorium</strong></span> <span class='ocrx_word' id='word_1_220' title='bbox 1235 3146 1276 3228; x_wconf 65' lang='lat' dir='ltr'><strong>ll*</strong></span> <span class='ocrx_word' id='word_1_221' title='bbox 1292 3144 1334 3233; x_wconf 48' lang='grc' dir='ltr'>ᾗ</span> <span class='ocrx_word' id='word_1_222' title='bbox 1348 3191 1451 3234; x_wconf 87' lang='lat' dir='ltr'><strong>novem</strong></span> 
     </span>
     <span class='ocr_line' id='line_1_26' title="bbox 179 3267 1452 3360; baseline 0.002 -16"><span class='ocrx_word' id='word_1_223' title='bbox 179 3283 400 3356; x_wconf 82' lang='lat' dir='ltr'><strong>sinixtrorsum,</strong></span> <span class='ocrx_word' id='word_1_224' title='bbox 423 3282 599 3358; x_wconf 87' lang='lat' dir='ltr'><strong>totidemque</strong></span> <span class='ocrx_word' id='word_1_225' title='bbox 612 3282 790 3341; x_wconf 82' lang='lat' dir='ltr'><strong>dextrorsum</strong></span> <span class='ocrx_word' id='word_1_226' title='bbox 811 3279 935 3360; x_wconf 78' lang='lat' dir='ltr'><strong>ciniphis,</strong></span> <span class='ocrx_word' id='word_1_227' title='bbox 957 3300 1051 3340; x_wconf 85' lang='lat' dir='ltr'><strong>coram</strong></span> <span class='ocrx_word' id='word_1_228' title='bbox 1073 3302 1139 3342; x_wconf 85' lang='lat' dir='ltr'><strong>vero</strong></span> <span class='ocrx_word' id='word_1_229' title='bbox 1159 3283 1247 3343; x_wconf 90' lang='lat' dir='ltr'><strong>tribus</strong></span> <span class='ocrx_word' id='word_1_230' title='bbox 1267 3282 1394 3359; x_wconf 88' lang='lat' dir='ltr'><strong>sephoris</strong></span> <span class='ocrx_word' id='word_1_231' title='bbox 1408 3267 1452 3346; x_wconf 60' lang='lat' dir='ltr'><strong>dl</strong></span> 
     </span>
     <span class='ocr_line' id='line_1_27' title="bbox 176 3395 1452 3474; baseline 0.001 -17"><span class='ocrx_word' id='word_1_232' title='bbox 176 3396 405 3474; x_wconf 80' lang='lat' dir='ltr'><strong>conserebatur3</strong></span> <span class='ocrx_word' id='word_1_233' title='bbox 419 3397 542 3456; x_wconf 85' lang='lat' dir='ltr'><strong>sinixtra</strong></span> <span class='ocrx_word' id='word_1_234' title='bbox 552 3402 615 3454; x_wconf 86' lang='lat' dir='ltr'><strong>erat</strong></span> <span class='ocrx_word' id='word_1_235' title='bbox 627 3395 714 3454; x_wconf 88' lang='lat' dir='ltr'><strong>trium</strong></span> <span class='ocrx_word' id='word_1_236' title='bbox 729 3413 898 3455; x_wconf 66' lang='lat' dir='ltr'><strong>mserum</strong></span> <span class='ocrx_word' id='word_1_237' title='bbox 912 3412 1018 3470; x_wconf 86' lang='lat' dir='ltr'><strong>sexque</strong></span> <span class='ocrx_word' id='word_1_238' title='bbox 1032 3395 1227 3456; x_wconf 86' lang='lat' dir='ltr'><strong>ministrorum</strong></span> <span class='ocrx_word' id='word_1_239' title='bbox 1240 3395 1328 3470; x_wconf 85' lang='lat' dir='ltr'><strong>sedes,</strong></span> <span class='ocrx_word' id='word_1_240' title='bbox 1347 3395 1452 3459; x_wconf 87' lang='lat' dir='ltr'><strong>dextra</strong></span> 
     </span>
     <span class='ocr_line' id='line_1_28' title="bbox 178 3507 1225 3587; baseline 0.002 -20"><span class='ocrx_word' id='word_1_241' title='bbox 178 3511 317 3587; x_wconf 86' lang='lat' dir='ltr'><strong>quinque</strong></span> <span class='ocrx_word' id='word_1_242' title='bbox 331 3509 462 3570; x_wconf 87' lang='lat' dir='ltr'><strong>ordinum</strong></span> <span class='ocrx_word' id='word_1_243' title='bbox 475 3507 645 3585; x_wconf 82' lang='lat' dir='ltr'><strong>regulorum,</strong></span> <span class='ocrx_word' id='word_1_244' title='bbox 666 3526 762 3567; x_wconf 88' lang='lat' dir='ltr'><strong>eoram</strong></span> <span class='ocrx_word' id='word_1_245' title='bbox 777 3527 842 3567; x_wconf 91' lang='lat' dir='ltr'><strong>rero</strong></span> <span class='ocrx_word' id='word_1_246' title='bbox 855 3509 942 3567; x_wconf 91' lang='lat' dir='ltr'><strong>trium</strong></span> <span class='ocrx_word' id='word_1_247' title='bbox 954 3516 1124 3567; x_wconf 87' lang='lat' dir='ltr'><strong>summatum</strong></span> <span class='ocrx_word' id='word_1_248' title='bbox 1136 3509 1225 3569; x_wconf 87' lang='lat' dir='ltr'><strong>sedes.</strong></span> 
     </span>
    </p>

    <p class='ocr_par' dir='ltr' id='par_1_9' title="bbox 175 3612 1451 3809">
     <span class='ocr_line' id='line_1_29' title="bbox 219 3612 1451 3700; baseline 0.002 -18"><span class='ocrx_word' id='word_1_249' title='bbox 219 3612 271 3692; x_wconf 80' lang='lat'><strong>(4)</strong></span> <span class='ocrx_word' id='word_1_250' title='bbox 298 3619 510 3700; x_wconf 67' lang='lat' dir='ltr'><strong>Magismathus</strong></span> <span class='ocrx_word' id='word_1_251' title='bbox 531 3620 587 3681; x_wconf 90' lang='lat' dir='ltr'><strong>illis</strong></span> <span class='ocrx_word' id='word_1_252' title='bbox 609 3621 752 3681; x_wconf 84' lang='lat' dir='ltr'><strong>dabantur</strong></span> <span class='ocrx_word' id='word_1_253' title='bbox 764 3621 795 3679; x_wconf 91' lang='lat' dir='ltr'><strong>in</strong></span> <span class='ocrx_word' id='word_1_254' title='bbox 807 3620 924 3680; x_wconf 84' lang='lat' dir='ltr'><strong>feudum</strong></span> <span class='ocrx_word' id='word_1_255' title='bbox 947 3618 1062 3681; x_wconf 79' lang='lat' dir='ltr'><strong>familiae</strong></span> <span class='ocrx_word' id='word_1_256' title='bbox 1084 3621 1234 3700; x_wconf 88' lang='lat' dir='ltr'><strong>populares</strong></span> <span class='ocrx_word' id='word_1_257' title='bbox 1253 3630 1319 3682; x_wconf 86' lang='lat' dir='ltr'><strong>octo</strong></span> <span class='ocrx_word' id='word_1_258' title='bbox 1340 3623 1451 3684; x_wconf 89' lang='lat' dir='ltr'><strong>distric-</strong></span> 
     </span>
     <span class='ocr_line' id='line_1_30' title="bbox 175 3732 923 3809; baseline 0 -14"><span class='ocrx_word' id='word_1_259' title='bbox 175 3743 278 3809; x_wconf 83' lang='lat' dir='ltr'><strong>tuum,</strong></span> <span class='ocrx_word' id='word_1_260' title='bbox 294 3745 326 3795; x_wconf 87' lang='lat' dir='ltr'><strong>et</strong></span> <span class='ocrx_word' id='word_1_261' title='bbox 340 3736 377 3795; x_wconf 87' lang='lat' dir='ltr'><strong>ad</strong></span> <span class='ocrx_word' id='word_1_262' title='bbox 389 3734 547 3796; x_wconf 86' lang='lat' dir='ltr'><strong>custodiam</strong></span> <span class='ocrx_word' id='word_1_263' title='bbox 564 3734 707 3795; x_wconf 84' lang='lat' dir='ltr'><strong>dabantur</strong></span> <span class='ocrx_word' id='word_1_264' title='bbox 720 3733 797 3794; x_wconf 92' lang='lat' dir='ltr'><strong>mille</strong></span> <span class='ocrx_word' id='word_1_265' title='bbox 809 3732 923 3795; x_wconf 81' lang='lat' dir='ltr'><strong>milites</strong></span> 
     </span>
    </p>
   </div>
   <div class='ocr_carea' id='block_1_7' title="bbox 164 4064 1457 4861">
    <p class='ocr_par' dir='ltr' id='par_1_10' title="bbox 184 4064 1175 4180">
     <span class='ocr_line' id='line_1_31' title="bbox 184 4064 1175 4180; baseline 0.001 -31"><span class='ocrx_word' id='word_1_266' title='bbox 184 4067 259 4180; x_wconf 51' lang='lat' dir='ltr'><strong>ff,</strong></span> <span class='ocrx_word' id='word_1_267' title='bbox 279 4075 387 4163; x_wconf 77' lang='lat' dir='ltr'><strong>T‘cut,</strong></span> <span class='ocrx_word' id='word_1_268' title='bbox 401 4089 510 4150; x_wconf 82' lang='lat' dir='ltr'><strong>codex:</strong></span> <span class='ocrx_word' id='word_1_269' title='bbox 522 4087 656 4148; x_wconf 89' lang='lat' dir='ltr'><strong>molimen</strong></span> <span class='ocrx_word' id='word_1_270' title='bbox 668 4087 804 4148; x_wconf 75' lang='lat' dir='ltr'><strong>zceulice.</strong></span> <span class='ocrx_word' id='word_1_271' title='bbox 834 4064 905 4172; x_wconf 60' lang='grc' dir='ltr'><strong>(ᾗὲ</strong></span> <span class='ocrx_word' id='word_1_272' title='bbox 932 4075 1013 4161; x_wconf 64' lang='lat' dir='ltr'><strong>Phra,</strong></span> <span class='ocrx_word' id='word_1_273' title='bbox 1028 4108 1056 4147; x_wconf 92' lang='lat' dir='ltr'><strong>n.</strong></span> <span class='ocrx_word' id='word_1_274' title='bbox 1071 4089 1175 4166; x_wconf 83' lang='lat' dir='ltr'><strong>stagni.</strong></span> 
     </span>
    </p>

    <p class='ocr_par' dir='ltr' id='par_1_11' title="bbox 182 4181 1296 4291">
     <span class='ocr_line' id='line_1_32' title="bbox 182 4181 1296 4291; baseline -0.001 -29"><span class='ocrx_word' id='word_1_275' title='bbox 182 4181 263 4291; x_wconf 52' lang='lat' dir='ltr'><strong>ff</strong></span> <span class='ocrx_word' id='word_1_276' title='bbox 276 4202 383 4278; x_wconf 79' lang='lat' dir='ltr'><strong>Maon,</strong></span> <span class='ocrx_word' id='word_1_277' title='bbox 399 4205 510 4274; x_wconf 86' lang='lat' dir='ltr'><strong>florens,</strong></span> <span class='ocrx_word' id='word_1_278' title='bbox 524 4202 682 4261; x_wconf 84' lang='lat' dir='ltr'><strong>abundem.</strong></span> <span class='ocrx_word' id='word_1_279' title='bbox 835 4182 905 4287; x_wconf 45' lang='grc' dir='ltr'><strong>(ἦ</strong></span> <span class='ocrx_word' id='word_1_280' title='bbox 934 4190 994 4274; x_wconf 83' lang='lat' dir='ltr'><strong>K‘u,</strong></span> <span class='ocrx_word' id='word_1_281' title='bbox 1008 4210 1118 4261; x_wconf 86' lang='lat' dir='ltr'><strong>torrens</strong></span> <span class='ocrx_word' id='word_1_282' title='bbox 1133 4224 1140 4261; x_wconf 76' lang='grc' dir='ltr'><strong>ε</strong></span> <span class='ocrx_word' id='word_1_283' title='bbox 1155 4210 1296 4280; x_wconf 81' lang='lat' dir='ltr'><strong>stagnum.</strong></span> 
     </span>
    </p>

    <p class='ocr_par' dir='ltr' id='par_1_12' title="bbox 184 4292 1204 4409">
     <span class='ocr_line' id='line_1_33' title="bbox 184 4292 1204 4409; baseline -0.001 -32"><span class='ocrx_word' id='word_1_284' title='bbox 184 4296 258 4409; x_wconf 52' lang='lat' dir='ltr'><strong>Q,</strong></span> <span class='ocrx_word' id='word_1_285' title='bbox 280 4316 340 4390; x_wconf 75' lang='lat' dir='ltr'><strong>Le,</strong></span> <span class='ocrx_word' id='word_1_286' title='bbox 355 4314 474 4378; x_wconf 74' lang='lat' dir='ltr'><strong>habenae</strong></span> <span class='ocrx_word' id='word_1_287' title='bbox 488 4339 497 4377; x_wconf 73' lang='grc' dir='ltr'><strong><em>ε</em></strong></span> <span class='ocrx_word' id='word_1_288' title='bbox 511 4315 630 4375; x_wconf 74' lang='lat' dir='ltr'><strong>haume</strong></span> <span class='ocrx_word' id='word_1_289' title='bbox 644 4336 653 4375; x_wconf 78' lang='lat' dir='ltr'><strong>a</strong></span> <span class='ocrx_word' id='word_1_290' title='bbox 666 4314 795 4374; x_wconf 89' lang='lat' dir='ltr'><strong>incidere.</strong></span> <span class='ocrx_word' id='word_1_291' title='bbox 850 4292 921 4404; x_wconf 59' lang='lat' dir='ltr'><strong>{ff</strong></span> <span class='ocrx_word' id='word_1_292' title='bbox 936 4314 1046 4388; x_wconf 85' lang='lat' dir='ltr'><strong>Tsouo,</strong></span> <span class='ocrx_word' id='word_1_293' title='bbox 1062 4313 1204 4376; x_wconf 86' lang='lat' dir='ltr'><strong>auxiliari.</strong></span> 
     </span>
    </p>

    <p class='ocr_par' dir='ltr' id='par_1_13' title="bbox 165 4410 1400 4517">
     <span class='ocr_line' id='line_1_34' title="bbox 165 4410 1400 4517; baseline -0.003 -27"><span class='ocrx_word' id='word_1_294' title='bbox 165 4410 243 4517; x_wconf 52' lang='lat' dir='ltr'><strong>(ffl</strong></span> <span class='ocrx_word' id='word_1_295' title='bbox 276 4430 350 4504; x_wconf 70' lang='lat' dir='ltr'><strong>Pur,</strong></span> <span class='ocrx_word' id='word_1_296' title='bbox 364 4428 590 4508; x_wconf 87' lang='lat' dir='ltr'><strong>tabulalapidea</strong></span> <span class='ocrx_word' id='word_1_297' title='bbox 608 4427 782 4505; x_wconf 65' lang='lat' dir='ltr'><strong>rectangula</strong></span> <span class='ocrx_word' id='word_1_298' title='bbox 834 4417 906 4515; x_wconf 61' lang='grc' dir='ltr'><strong>(βῆ</strong></span> <span class='ocrx_word' id='word_1_299' title='bbox 933 4429 1012 4502; x_wconf 85' lang='lat' dir='ltr'><strong>Neo,</strong></span> <span class='ocrx_word' id='word_1_300' title='bbox 1025 4425 1105 4488; x_wconf 87' lang='lat' dir='ltr'><strong>collis</strong></span> <span class='ocrx_word' id='word_1_301' title='bbox 1117 4447 1219 4489; x_wconf 90' lang='lat' dir='ltr'><strong>currus</strong></span> <span class='ocrx_word' id='word_1_302' title='bbox 1232 4450 1241 4489; x_wconf 75' lang='lat' dir='ltr'><strong>a</strong></span> <span class='ocrx_word' id='word_1_303' title='bbox 1255 4428 1400 4488; x_wconf 75' lang='lat' dir='ltr'><strong>amentari.</strong></span> 
     </span>
    </p>

    <p class='ocr_par' dir='ltr' id='par_1_14' title="bbox 179 4516 1448 4636">
     <span class='ocr_line' id='line_1_35' title="bbox 179 4516 1448 4636; baseline -0.004 -30"><span class='ocrx_word' id='word_1_304' title='bbox 179 4520 256 4636; x_wconf 54' lang='grc' dir='ltr'><strong>ᾗΙῙ,</strong></span> <span class='ocrx_word' id='word_1_305' title='bbox 276 4531 353 4617; x_wconf 87' lang='lat' dir='ltr'><strong>K‘o‚</strong></span> <span class='ocrx_word' id='word_1_306' title='bbox 369 4531 437 4618; x_wconf 75' lang='lat' dir='ltr'><strong>K‘a,</strong></span> <span class='ocrx_word' id='word_1_307' title='bbox 450 4540 740 4619; x_wconf 78' lang='lat' dir='ltr'><strong>eaelareaqnadrans.</strong></span> <span class='ocrx_word' id='word_1_308' title='bbox 836 4516 904 4625; x_wconf 57' lang='grc' dir='ltr'><strong>(ξ</strong></span> <span class='ocrx_word' id='word_1_309' title='bbox 931 4539 1007 4616; x_wconf 82' lang='lat' dir='ltr'><strong>Yarr,</strong></span> <span class='ocrx_word' id='word_1_310' title='bbox 1022 4539 1198 4602; x_wconf 85' lang='lat' dir='ltr'><strong>lstehabere</strong></span> <span class='ocrx_word' id='word_1_311' title='bbox 1211 4563 1220 4602; x_wconf 74' lang='lat' dir='ltr'><strong>a</strong></span> <span class='ocrx_word' id='word_1_312' title='bbox 1233 4541 1281 4601; x_wconf 86' lang='lat' dir='ltr'><strong>din</strong></span> <span class='ocrx_word' id='word_1_313' title='bbox 1298 4540 1448 4601; x_wconf 86' lang='lat' dir='ltr'><strong>detinere:</strong></span> 
     </span>
    </p>

    <p class='ocr_par' dir='ltr' id='par_1_15' title="bbox 164 4642 1457 4861">
     <span class='ocr_line' id='line_1_36' title="bbox 164 4642 1457 4746; baseline -0.006 -25"><span class='ocrx_word' id='word_1_314' title='bbox 164 4643 242 4746; x_wconf 49' lang='lat' dir='ltr'><strong>(ff</strong></span> <span class='ocrx_word' id='word_1_315' title='bbox 275 4658 377 4732; x_wconf 72' lang='lat' dir='ltr'><strong>Mna,</strong></span> <span class='ocrx_word' id='word_1_316' title='bbox 402 4661 591 4719; x_wconf 83' lang='lat' dir='ltr'><strong>monumento</strong></span> <span class='ocrx_word' id='word_1_317' title='bbox 615 4666 802 4716; x_wconf 79' lang='lat' dir='ltr'><strong>memorare:</strong></span> <span class='ocrx_word' id='word_1_318' title='bbox 933 4654 1351 4734; x_wconf 76' lang='lat' dir='ltr'><strong>cooperireestatimrantiquu</strong></span> <span class='ocrx_word' id='word_1_319' title='bbox 1365 4642 1457 4714; x_wconf 67' lang='lat' dir='ltr'><strong>ditia</strong></span> 
     </span>
     <span class='ocr_line' id='line_1_37' title="bbox 274 4743 1188 4861; baseline -0.007 -28"><span class='ocrx_word' id='word_1_320' title='bbox 274 4770 393 4834; x_wconf 60' lang='lat' dir='ltr'><strong>wude.</strong></span> <span class='ocrx_word' id='word_1_321' title='bbox 848 4743 916 4861; x_wconf 53' lang='grc' dir='ltr'><strong>ξ,</strong></span> <span class='ocrx_word' id='word_1_322' title='bbox 932 4770 1026 4844; x_wconf 71' lang='lat' dir='ltr'><strong>uene,</strong></span> <span class='ocrx_word' id='word_1_323' title='bbox 1039 4767 1188 4829; x_wconf 73' lang='lat' dir='ltr'><strong>menuae.</strong></span> 
     </span>
    </p>
   </div>
   <div class='ocr_carea' id='block_1_8' title="bbox 0 0 1792 5666">
    <p class='ocr_par' dir='ltr' id='par_1_16' title="bbox 0 0 1792 5666">
     <span class='ocr_line' id='line_1_38' title="bbox 0 0 1792 5666; baseline 0 4"><span class='ocrx_word' id='word_1_324' title='bbox 0 0 1792 5666; x_wconf 95' lang='lat' dir='ltr'><strong> </strong></span> 
     </span>
    </p>
   </div>
  </div>
 </body>
</html>
