<?xml version="1.0" encoding="UTF-8"?>
<!DOCTYPE html PUBLIC "-//W3C//DTD XHTML 1.0 Transitional//EN"
    "http://www.w3.org/TR/xhtml1/DTD/xhtml1-transitional.dtd">
<html xmlns="http://www.w3.org/1999/xhtml" xml:lang="en" lang="en">
 <head>
  <title>
</title>
<meta http-equiv="Content-Type" content="text/html;charset=utf-8" />
  <meta name='ocr-system' content='tesseract 3.04.00' />
  <meta name='ocr-capabilities' content='ocr_page ocr_carea ocr_par ocr_line ocrx_word'/>
</head>
<body>
  <div class='ocr_page' id='page_1' title='image "./cursuslitteratu00zottgoog_0291.png"; bbox 0 0 3672 5690; ppageno 0'>
   <div class='ocr_carea' id='block_1_1' title="bbox 573 502 1469 564">
    <p class='ocr_par' dir='ltr' id='par_1_1' title="bbox 573 502 1469 564">
     <span class='ocr_line' id='line_1_1' title="bbox 573 502 1469 564; baseline 0.002 -2"><span class='ocrx_word' id='word_1_1' title='bbox 573 518 668 562; x_wconf 72' lang='lat' dir='ltr'><strong>meur</strong></span> <span class='ocrx_word' id='word_1_2' title='bbox 689 516 844 562; x_wconf 69' lang='lat' dir='ltr'><strong>murmura</strong></span> <span class='ocrx_word' id='word_1_3' title='bbox 857 530 898 547; x_wconf 87' lang='lat'><strong>·-·</strong></span> <span class='ocrx_word' id='word_1_4' title='bbox 910 518 984 560; x_wconf 79' lang='lat' dir='ltr'><strong>raus</strong></span> <span class='ocrx_word' id='word_1_5' title='bbox 1002 518 1092 562; x_wconf 74' lang='lat' dir='ltr'><strong>aaron</strong></span> <span class='ocrx_word' id='word_1_6' title='bbox 1406 502 1469 564; x_wconf 72' lang='lat' dir='ltr'><strong>aas</strong></span> 
     </span>
    </p>
   </div>
   <div class='ocr_carea' id='block_1_2' title="bbox 197 630 1464 947">
    <p class='ocr_par' dir='ltr' id='par_1_2' title="bbox 197 630 1464 947">
     <span class='ocr_line' id='line_1_2' title="bbox 198 630 1462 715; baseline 0.002 -18"><span class='ocrx_word' id='word_1_7' title='bbox 198 631 378 712; x_wconf 73' lang='lat' dir='ltr'><strong>respondens</strong></span> <span class='ocrx_word' id='word_1_8' title='bbox 393 631 437 695; x_wconf 88' lang='lat' dir='ltr'><strong>ait</strong></span> <span class='ocrx_word' id='word_1_9' title='bbox 453 650 461 695; x_wconf 91' lang='lat'><strong>:</strong></span> <span class='ocrx_word' id='word_1_10' title='bbox 480 631 533 695; x_wconf 89' lang='lat' dir='ltr'><strong>ilia</strong></span> <span class='ocrx_word' id='word_1_11' title='bbox 554 630 636 712; x_wconf 76' lang='lat' dir='ltr'><strong>regia</strong></span> <span class='ocrx_word' id='word_1_12' title='bbox 655 630 766 694; x_wconf 78' lang='lat' dir='ltr'><strong>labilia</strong></span> <span class='ocrx_word' id='word_1_13' title='bbox 787 631 962 694; x_wconf 81' lang='lat' dir='ltr'><strong>conserebat</strong></span> <span class='ocrx_word' id='word_1_14' title='bbox 981 630 1079 710; x_wconf 89' lang='lat' dir='ltr'><strong>pinis;</strong></span> <span class='ocrx_word' id='word_1_15' title='bbox 1101 632 1244 715; x_wconf 72' lang='lat' dir='ltr'>dynastiae</span> <span class='ocrx_word' id='word_1_16' title='bbox 1264 632 1312 696; x_wconf 86' lang='lat' dir='ltr'><strong>Yn</strong></span> <span class='ocrx_word' id='word_1_17' title='bbox 1327 633 1462 700; x_wconf 86' lang='lat' dir='ltr'><strong>homines</strong></span> 
     </span>
     <span class='ocr_line' id='line_1_3' title="bbox 197 743 1464 843; baseline 0 -33"><span class='ocrx_word' id='word_1_18' title='bbox 197 745 355 810; x_wconf 84' lang='lat' dir='ltr'><strong>utebantur</strong></span> <span class='ocrx_word' id='word_1_19' title='bbox 364 744 516 824; x_wconf 82' lang='lat' dir='ltr'><strong>cupressis</strong></span> <span class='ocrx_word' id='word_1_20' title='bbox 529 764 536 806; x_wconf 93' lang='lat'>:</span> <span class='ocrx_word' id='word_1_21' title='bbox 549 743 691 827; x_wconf 74' lang='lat' dir='ltr'><strong>dynastiae</strong></span> <span class='ocrx_word' id='word_1_22' title='bbox 705 744 826 809; x_wconf 77' lang='lat' dir='ltr'><strong>lebena</strong></span> <span class='ocrx_word' id='word_1_23' title='bbox 839 744 975 843; x_wconf 86' lang='lat' dir='ltr'><strong>homines</strong></span> <span class='ocrx_word' id='word_1_24' title='bbox 985 750 1112 808; x_wconf 90' lang='lat' dir='ltr'><strong>utuntur</strong></span> <span class='ocrx_word' id='word_1_25' title='bbox 1120 745 1276 822; x_wconf 88' lang='lat' dir='ltr'><strong>castaneis,</strong></span> <span class='ocrx_word' id='word_1_26' title='bbox 1293 746 1417 824; x_wconf 88' lang='lat' dir='ltr'><strong>scilicet,</strong></span> <span class='ocrx_word' id='word_1_27' title='bbox 1430 752 1464 810; x_wconf 90' lang='lat' dir='ltr'><strong>ut</strong></span> 
     </span>
     <span class='ocr_line' id='line_1_4' title="bbox 198 854 1464 947; baseline 0 -25"><span class='ocrx_word' id='word_1_28' title='bbox 198 860 323 939; x_wconf 87' lang='lat' dir='ltr'><strong>populns</strong></span> <span class='ocrx_word' id='word_1_29' title='bbox 344 858 455 922; x_wconf 91' lang='lat' dir='ltr'><strong>timens</strong></span> <span class='ocrx_word' id='word_1_30' title='bbox 474 857 683 922; x_wconf 77' lang='lat' dir='ltr'><strong>contremiscat</strong></span> <span class='ocrx_word' id='word_1_31' title='bbox 699 854 753 941; x_wconf 90' lang='lat' dir='ltr'><strong>(l).</strong></span> <span class='ocrx_word' id='word_1_32' title='bbox 775 856 933 947; x_wconf 81' lang='lat' dir='ltr'><strong>Conlucius</strong></span> <span class='ocrx_word' id='word_1_33' title='bbox 948 858 1071 921; x_wconf 88' lang='lat' dir='ltr'><strong>audiens</strong></span> <span class='ocrx_word' id='word_1_34' title='bbox 1085 860 1150 936; x_wconf 92' lang='lat' dir='ltr'><strong>hoe,</strong></span> <span class='ocrx_word' id='word_1_35' title='bbox 1172 860 1213 922; x_wconf 88' lang='lat' dir='ltr'><strong>ait</strong></span> <span class='ocrx_word' id='word_1_36' title='bbox 1231 879 1238 922; x_wconf 92' lang='lat'>:</span> <span class='ocrx_word' id='word_1_37' title='bbox 1256 861 1293 924; x_wconf 81' lang='lat' dir='ltr'><strong>lle</strong></span> <span class='ocrx_word' id='word_1_38' title='bbox 1308 860 1464 940; x_wconf 89' lang='lat' dir='ltr'><strong>completis</strong></span> 
     </span>
    </p>
   </div>
   <div class='ocr_carea' id='block_1_3' title="bbox 196 970 1470 2985">
    <p class='ocr_par' dir='ltr' id='par_1_3' title="bbox 197 970 1458 1168">
     <span class='ocr_line' id='line_1_5' title="bbox 197 970 1458 1052; baseline 0.001 -17"><span class='ocrx_word' id='word_1_39' title='bbox 197 971 285 1035; x_wconf 88' lang='lat' dir='ltr'><strong>rebus</strong></span> <span class='ocrx_word' id='word_1_40' title='bbox 305 987 343 1035; x_wconf 90' lang='lat' dir='ltr'><strong>ne</strong></span> <span class='ocrx_word' id='word_1_41' title='bbox 363 970 518 1051; x_wconf 81' lang='lat' dir='ltr'><strong>loquaris;</strong></span> <span class='ocrx_word' id='word_1_42' title='bbox 540 970 720 1050; x_wconf 78' lang='lat' dir='ltr'><strong>proclinatas</strong></span> <span class='ocrx_word' id='word_1_43' title='bbox 738 987 787 1035; x_wconf 91' lang='lat' dir='ltr'><strong>res</strong></span> <span class='ocrx_word' id='word_1_44' title='bbox 807 986 845 1035; x_wconf 94' lang='lat' dir='ltr'><strong>ne</strong></span> <span class='ocrx_word' id='word_1_45' title='bbox 865 971 1047 1052; x_wconf 86' lang='lat' dir='ltr'><strong>exprobres;</strong></span> <span class='ocrx_word' id='word_1_46' title='bbox 1065 988 1134 1036; x_wconf 93' lang='lat' dir='ltr'><strong>cum</strong></span> <span class='ocrx_word' id='word_1_47' title='bbox 1155 979 1323 1037; x_wconf 81' lang='lat' dir='ltr'><strong>transactae</strong></span> <span class='ocrx_word' id='word_1_48' title='bbox 1338 973 1458 1052; x_wconf 87' lang='lat' dir='ltr'><strong>luerint,</strong></span> 
     </span>
     <span class='ocr_line' id='line_1_6' title="bbox 197 1081 489 1168; baseline -0.01 -18"><span class='ocrx_word' id='word_1_49' title='bbox 197 1095 239 1150; x_wconf 72' lang='lat' dir='ltr'><strong>ne&#39;</strong></span> <span class='ocrx_word' id='word_1_50' title='bbox 247 1084 418 1150; x_wconf 90' lang='lat' dir='ltr'><strong>crimineris</strong></span> <span class='ocrx_word' id='word_1_51' title='bbox 435 1081 489 1168; x_wconf 74' lang='lat'>(2).</span> 
     </span>
    </p>

    <p class='ocr_par' dir='ltr' id='par_1_4' title="bbox 196 1198 1467 2076">
     <span class='ocr_line' id='line_1_7' title="bbox 253 1198 1462 1282; baseline 0.003 -20"><span class='ocrx_word' id='word_1_52' title='bbox 253 1198 305 1263; x_wconf 78' lang='grc'><strong>22.</strong></span> <span class='ocrx_word' id='word_1_53' title='bbox 331 1198 532 1277; x_wconf 84' lang='lat' dir='ltr'><strong>Philosophus</strong></span> <span class='ocrx_word' id='word_1_54' title='bbox 546 1198 612 1261; x_wconf 89' lang='lat' dir='ltr'><strong>ait:</strong></span> <span class='ocrx_word' id='word_1_55' title='bbox 636 1198 721 1263; x_wconf 89' lang='lat' dir='ltr'><strong>Koan</strong></span> <span class='ocrx_word' id='word_1_56' title='bbox 736 1200 851 1281; x_wconf 75' lang='lat' dir='ltr'><strong>uhong</strong></span> <span class='ocrx_word' id='word_1_57' title='bbox 869 1198 950 1262; x_wconf 89' lang='lat' dir='ltr'><strong>illius</strong></span> <span class='ocrx_word' id='word_1_58' title='bbox 969 1198 1119 1278; x_wconf 85' lang='lat' dir='ltr'><strong>capacitas</strong></span> <span class='ocrx_word' id='word_1_59' title='bbox 1137 1201 1212 1279; x_wconf 92' lang='lat' dir='ltr'><strong>proh</strong></span> <span class='ocrx_word' id='word_1_60' title='bbox 1228 1216 1318 1279; x_wconf 85' lang='lat' dir='ltr'><strong>quam</strong></span> <span class='ocrx_word' id='word_1_61' title='bbox 1333 1199 1462 1282; x_wconf 77' lang='lat' dir='ltr'><strong>exigual</strong></span> 
     </span>
     <span class='ocr_line' id='line_1_8' title="bbox 196 1310 1464 1393; baseline 0 -18"><span class='ocrx_word' id='word_1_62' title='bbox 196 1310 310 1391; x_wconf 79' lang='lat' dir='ltr'><strong>Aliquis</strong></span> <span class='ocrx_word' id='word_1_63' title='bbox 325 1310 392 1375; x_wconf 90' lang='lat' dir='ltr'><strong>ait:</strong></span> <span class='ocrx_word' id='word_1_64' title='bbox 417 1328 489 1374; x_wconf 90' lang='lat' dir='ltr'><strong>num</strong></span> <span class='ocrx_word' id='word_1_65' title='bbox 509 1311 594 1375; x_wconf 88' lang='lat' dir='ltr'><strong>Koan</strong></span> <span class='ocrx_word' id='word_1_66' title='bbox 615 1312 728 1393; x_wconf 77' lang='lat' dir='ltr'><strong>tcbong</strong></span> <span class='ocrx_word' id='word_1_67' title='bbox 747 1318 879 1391; x_wconf 79' lang='lat' dir='ltr'><strong>parcus?</strong></span> <span class='ocrx_word' id='word_1_68' title='bbox 897 1312 1048 1391; x_wconf 87' lang='lat' dir='ltr'><strong>Reponit:</strong></span> <span class='ocrx_word' id='word_1_69' title='bbox 1071 1312 1156 1376; x_wconf 86' lang='lat' dir='ltr'><strong>Koan</strong></span> <span class='ocrx_word' id='word_1_70' title='bbox 1172 1313 1282 1376; x_wconf 82' lang='lat' dir='ltr'><strong>familia</strong></span> <span class='ocrx_word' id='word_1_71' title='bbox 1298 1313 1387 1377; x_wconf 91' lang='lat' dir='ltr'><strong>babet</strong></span> <span class='ocrx_word' id='word_1_72' title='bbox 1403 1319 1464 1376; x_wconf 91' lang='lat' dir='ltr'><strong>tur·</strong></span> 
     </span>
     <span class='ocr_line' id='line_1_9' title="bbox 197 1423 1465 1506; baseline 0.002 -18"><span class='ocrx_word' id='word_1_73' title='bbox 197 1426 253 1488; x_wconf 90' lang='lat' dir='ltr'><strong>rim</strong></span> <span class='ocrx_word' id='word_1_74' title='bbox 269 1425 329 1488; x_wconf 86' lang='lat' dir='ltr'><strong>San</strong></span> <span class='ocrx_word' id='word_1_75' title='bbox 345 1423 424 1500; x_wconf 85' lang='lat' dir='ltr'><strong>hoel,</strong></span> <span class='ocrx_word' id='word_1_76' title='bbox 442 1431 473 1489; x_wconf 90' lang='lat' dir='ltr'><strong>et</strong></span> <span class='ocrx_word' id='word_1_77' title='bbox 482 1423 698 1504; x_wconf 80' lang='lat' dir='ltr'><strong>praefectorum</strong></span> <span class='ocrx_word' id='word_1_78' title='bbox 714 1423 806 1489; x_wconf 86' lang='lat' dir='ltr'><strong>officia</strong></span> <span class='ocrx_word' id='word_1_79' title='bbox 817 1442 877 1490; x_wconf 91' lang='lat' dir='ltr'><strong>non</strong></span> <span class='ocrx_word' id='word_1_80' title='bbox 888 1426 1079 1501; x_wconf 87' lang='lat' dir='ltr'><strong>coalescunt;</strong></span> <span class='ocrx_word' id='word_1_81' title='bbox 1096 1425 1147 1505; x_wconf 84' lang='lat' dir='ltr'><strong>qui</strong></span> <span class='ocrx_word' id='word_1_82' title='bbox 1157 1424 1318 1491; x_wconf 89' lang='lat' dir='ltr'><strong>haberetur</strong></span> <span class='ocrx_word' id='word_1_83' title='bbox 1333 1431 1465 1506; x_wconf 75' lang='lat' dir='ltr'><strong>parcus?</strong></span> 
     </span>
     <span class='ocr_line' id='line_1_10' title="bbox 196 1538 1466 1622; baseline 0.002 -21"><span class='ocrx_word' id='word_1_84' title='bbox 196 1540 314 1620; x_wconf 74' lang='lat' dir='ltr'><strong>ingone</strong></span> <span class='ocrx_word' id='word_1_85' title='bbox 336 1539 423 1602; x_wconf 87' lang='lat' dir='ltr'><strong>lloan</strong></span> <span class='ocrx_word' id='word_1_86' title='bbox 442 1538 556 1620; x_wconf 84' lang='lat' dir='ltr'><strong>tehong</strong></span> <span class='ocrx_word' id='word_1_87' title='bbox 574 1538 728 1621; x_wconf 80' lang='lat' dir='ltr'><strong>cognoscit</strong></span> <span class='ocrx_word' id='word_1_88' title='bbox 750 1538 850 1602; x_wconf 84' lang='lat' dir='ltr'><strong>ritnst</strong></span> <span class='ocrx_word' id='word_1_89' title='bbox 878 1540 1003 1619; x_wconf 85' lang='lat' dir='ltr'><strong>Reponit</strong></span> <span class='ocrx_word' id='word_1_90' title='bbox 1030 1559 1037 1601; x_wconf 92' lang='lat'><strong>:</strong></span> <span class='ocrx_word' id='word_1_91' title='bbox 1063 1539 1148 1621; x_wconf 78' lang='lat' dir='ltr'><strong>regni</strong></span> <span class='ocrx_word' id='word_1_92' title='bbox 1171 1540 1308 1619; x_wconf 91' lang='lat' dir='ltr'><strong>princeps</strong></span> <span class='ocrx_word' id='word_1_93' title='bbox 1329 1539 1466 1622; x_wconf 81' lang='lat' dir='ltr'><strong>diatbyro</strong></span> 
     </span>
     <span class='ocr_line' id='line_1_11' title="bbox 196 1650 1467 1735; baseline 0.001 -20"><span class='ocrx_word' id='word_1_94' title='bbox 196 1650 325 1715; x_wconf 89' lang='lat' dir='ltr'><strong>obstmit</strong></span> <span class='ocrx_word' id='word_1_95' title='bbox 347 1651 479 1731; x_wconf 85' lang='lat' dir='ltr'><strong>januam,</strong></span> <span class='ocrx_word' id='word_1_96' title='bbox 507 1660 538 1716; x_wconf 93' lang='lat' dir='ltr'><strong>et</strong></span> <span class='ocrx_word' id='word_1_97' title='bbox 555 1653 641 1716; x_wconf 86' lang='lat' dir='ltr'><strong>Koan</strong></span> <span class='ocrx_word' id='word_1_98' title='bbox 662 1651 772 1715; x_wconf 88' lang='lat' dir='ltr'><strong>iamilia</strong></span> <span class='ocrx_word' id='word_1_99' title='bbox 792 1653 882 1716; x_wconf 86' lang='lat' dir='ltr'><strong>etiam</strong></span> <span class='ocrx_word' id='word_1_100' title='bbox 903 1653 1040 1735; x_wconf 79' lang='lat' dir='ltr'><strong>tiathyro</strong></span> <span class='ocrx_word' id='word_1_101' title='bbox 1061 1653 1189 1716; x_wconf 87' lang='lat' dir='ltr'><strong>obstmit</strong></span> <span class='ocrx_word' id='word_1_102' title='bbox 1205 1651 1354 1731; x_wconf 85' lang='lat' dir='ltr'><strong>januam:</strong></span> <span class='ocrx_word' id='word_1_103' title='bbox 1380 1653 1467 1735; x_wconf 76' lang='lat' dir='ltr'><strong>regni</strong></span> 
     </span>
     <span class='ocr_line' id='line_1_12' title="bbox 197 1764 1465 1845; baseline 0.001 -18"><span class='ocrx_word' id='word_1_104' title='bbox 197 1764 347 1845; x_wconf 86' lang='lat' dir='ltr'><strong>princeps,</strong></span> <span class='ocrx_word' id='word_1_105' title='bbox 370 1765 408 1829; x_wconf 91' lang='lat' dir='ltr'><strong>ob</strong></span> <span class='ocrx_word' id='word_1_106' title='bbox 422 1766 548 1829; x_wconf 87' lang='lat' dir='ltr'><strong>duorum</strong></span> <span class='ocrx_word' id='word_1_107' title='bbox 563 1765 730 1845; x_wconf 91' lang='lat' dir='ltr'><strong>principum</strong></span> <span class='ocrx_word' id='word_1_108' title='bbox 745 1765 894 1843; x_wconf 89' lang='lat' dir='ltr'><strong>charistia,</strong></span> <span class='ocrx_word' id='word_1_109' title='bbox 921 1766 1010 1829; x_wconf 89' lang='lat' dir='ltr'><strong>habet</strong></span> <span class='ocrx_word' id='word_1_110' title='bbox 1024 1766 1206 1830; x_wconf 88' lang='lat' dir='ltr'><strong>invertendis</strong></span> <span class='ocrx_word' id='word_1_111' title='bbox 1221 1766 1335 1845; x_wconf 89' lang='lat' dir='ltr'><strong>poculis</strong></span> <span class='ocrx_word' id='word_1_112' title='bbox 1355 1765 1465 1845; x_wconf 90' lang='lat' dir='ltr'><strong>reposi-</strong></span> 
     </span>
     <span class='ocr_line' id='line_1_13' title="bbox 197 1877 1467 1959; baseline 0.001 -17"><span class='ocrx_word' id='word_1_113' title='bbox 197 1877 328 1954; x_wconf 89' lang='lat' dir='ltr'><strong>torium;</strong></span> <span class='ocrx_word' id='word_1_114' title='bbox 347 1880 432 1943; x_wconf 84' lang='lat' dir='ltr'><strong>Koan</strong></span> <span class='ocrx_word' id='word_1_115' title='bbox 443 1878 554 1943; x_wconf 78' lang='lat' dir='ltr'><strong>familia</strong></span> <span class='ocrx_word' id='word_1_116' title='bbox 564 1879 655 1943; x_wconf 89' lang='lat' dir='ltr'><strong>etiam</strong></span> <span class='ocrx_word' id='word_1_117' title='bbox 665 1879 755 1943; x_wconf 90' lang='lat' dir='ltr'><strong>habet</strong></span> <span class='ocrx_word' id='word_1_118' title='bbox 768 1879 950 1945; x_wconf 87' lang='lat' dir='ltr'><strong>invertendis</strong></span> <span class='ocrx_word' id='word_1_119' title='bbox 964 1880 1079 1959; x_wconf 88' lang='lat' dir='ltr'><strong>poculis</strong></span> <span class='ocrx_word' id='word_1_120' title='bbox 1094 1880 1322 1959; x_wconf 86' lang='lat' dir='ltr'><strong>repositorium:</strong></span> <span class='ocrx_word' id='word_1_121' title='bbox 1341 1880 1365 1943; x_wconf 94' lang='lat' dir='ltr'><strong>si</strong></span> <span class='ocrx_word' id='word_1_122' title='bbox 1381 1880 1467 1945; x_wconf 86' lang='lat' dir='ltr'><strong>lloan</strong></span> 
     </span>
     <span class='ocr_line' id='line_1_14' title="bbox 197 1990 1190 2076; baseline 0 -21"><span class='ocrx_word' id='word_1_123' title='bbox 197 1992 429 2075; x_wconf 79' lang='lat' dir='ltr'><strong>cognominatus</strong></span> <span class='ocrx_word' id='word_1_124' title='bbox 443 1993 540 2056; x_wconf 87' lang='lat' dir='ltr'><strong>adhue</strong></span> <span class='ocrx_word' id='word_1_125' title='bbox 554 1992 651 2057; x_wconf 87' lang='lat' dir='ltr'><strong>noscit</strong></span> <span class='ocrx_word' id='word_1_126' title='bbox 666 1992 749 2069; x_wconf 80' lang='lat' dir='ltr'><strong>ritae,</strong></span> <span class='ocrx_word' id='word_1_127' title='bbox 776 1994 843 2072; x_wconf 84' lang='lat' dir='ltr'><strong>quis</strong></span> <span class='ocrx_word' id='word_1_128' title='bbox 858 2009 917 2057; x_wconf 94' lang='lat' dir='ltr'><strong>non</strong></span> <span class='ocrx_word' id='word_1_129' title='bbox 932 1992 1029 2057; x_wconf 90' lang='lat' dir='ltr'><strong>noscit</strong></span> <span class='ocrx_word' id='word_1_130' title='bbox 1044 1994 1119 2056; x_wconf 88' lang='lat' dir='ltr'><strong>ritus</strong></span> <span class='ocrx_word' id='word_1_131' title='bbox 1136 1990 1190 2076; x_wconf 89' lang='grc'>(3).</span> 
     </span>
    </p>

    <p class='ocr_par' dir='ltr' id='par_1_5' title="bbox 198 2105 1467 2416">
     <span class='ocr_line' id='line_1_15' title="bbox 253 2105 1465 2188; baseline 0 -19"><span class='ocrx_word' id='word_1_132' title='bbox 253 2106 306 2169; x_wconf 73' lang='grc'><strong>23.</strong></span> <span class='ocrx_word' id='word_1_133' title='bbox 332 2105 533 2185; x_wconf 85' lang='lat' dir='ltr'><strong>Philosophus</strong></span> <span class='ocrx_word' id='word_1_134' title='bbox 548 2105 686 2171; x_wconf 88' lang='lat' dir='ltr'><strong>erudiens</strong></span> <span class='ocrx_word' id='word_1_135' title='bbox 702 2106 787 2188; x_wconf 76' lang='lat' dir='ltr'><strong>regni</strong></span> <span class='ocrx_word' id='word_1_136' title='bbox 803 2106 865 2170; x_wconf 86' lang='lat' dir='ltr'><strong>Lou</strong></span> <span class='ocrx_word' id='word_1_137' title='bbox 876 2122 1019 2188; x_wconf 79' lang='lat' dir='ltr'><strong>magnum</strong></span> <span class='ocrx_word' id='word_1_138' title='bbox 1036 2108 1219 2186; x_wconf 91' lang='lat' dir='ltr'><strong>phonascum</strong></span> <span class='ocrx_word' id='word_1_139' title='bbox 1230 2107 1266 2170; x_wconf 82' lang='lat' dir='ltr'><strong>ele</strong></span> <span class='ocrx_word' id='word_1_140' title='bbox 1277 2107 1390 2170; x_wconf 88' lang='lat' dir='ltr'><strong>musica</strong></span> <span class='ocrx_word' id='word_1_141' title='bbox 1401 2106 1465 2169; x_wconf 80' lang='lat' dir='ltr'><strong>art:</strong></span> 
     </span>
     <span class='ocr_line' id='line_1_16' title="bbox 198 2216 1467 2304; baseline -0.001 -22"><span class='ocrx_word' id='word_1_142' title='bbox 198 2219 320 2297; x_wconf 68' lang='lat' dir='ltr'><strong>mamea,</strong></span> <span class='ocrx_word' id='word_1_143' title='bbox 341 2219 407 2299; x_wconf 88' lang='lat' dir='ltr'><strong>ipsa</strong></span> <span class='ocrx_word' id='word_1_144' title='bbox 421 2225 518 2299; x_wconf 89' lang='lat' dir='ltr'><strong>potest</strong></span> <span class='ocrx_word' id='word_1_145' title='bbox 533 2219 602 2284; x_wconf 90' lang='lat' dir='ltr'><strong>sciri</strong></span> <span class='ocrx_word' id='word_1_146' title='bbox 619 2216 662 2304; x_wconf 80' lang='grc'>(4)</span> <span class='ocrx_word' id='word_1_147' title='bbox 681 2238 688 2282; x_wconf 92' lang='lat'>:</span> <span class='ocrx_word' id='word_1_148' title='bbox 706 2220 827 2285; x_wconf 82' lang='lat' dir='ltr'><strong>exordio</strong></span> <span class='ocrx_word' id='word_1_149' title='bbox 841 2220 978 2300; x_wconf 86' lang='lat' dir='ltr'><strong>erumpit,</strong></span> <span class='ocrx_word' id='word_1_150' title='bbox 999 2220 1081 2285; x_wconf 90' lang='lat' dir='ltr'><strong>sonis</strong></span> <span class='ocrx_word' id='word_1_151' title='bbox 1095 2219 1186 2284; x_wconf 91' lang='lat' dir='ltr'><strong>unitis</strong></span> <span class='ocrx_word' id='word_1_152' title='bbox 1198 2239 1206 2282; x_wconf 91' lang='lat'>:</span> <span class='ocrx_word' id='word_1_153' title='bbox 1220 2219 1381 2284; x_wconf 88' lang='lat' dir='ltr'><strong>remittitur</strong></span> <span class='ocrx_word' id='word_1_154' title='bbox 1399 2220 1467 2283; x_wconf 89' lang='lat' dir='ltr'><strong>bar·</strong></span> 
     </span>
     <span class='ocr_line' id='line_1_17' title="bbox 198 2329 1303 2416; baseline -0.001 -19"><span class='ocrx_word' id='word_1_155' title='bbox 198 2333 314 2397; x_wconf 89' lang='lat' dir='ltr'><strong>monice</strong></span> <span class='ocrx_word' id='word_1_156' title='bbox 329 2339 362 2398; x_wconf 91' lang='lat' dir='ltr'><strong>et</strong></span> <span class='ocrx_word' id='word_1_157' title='bbox 376 2332 535 2411; x_wconf 80' lang='lat' dir='ltr'><strong>distincte3</strong></span> <span class='ocrx_word' id='word_1_158' title='bbox 557 2334 744 2399; x_wconf 82' lang='lat' dir='ltr'><strong>eonbnenter</strong></span> <span class='ocrx_word' id='word_1_159' title='bbox 759 2340 929 2413; x_wconf 89' lang='lat' dir='ltr'><strong>perseverat</strong></span> <span class='ocrx_word' id='word_1_160' title='bbox 943 2334 981 2397; x_wconf 87' lang='lat' dir='ltr'><strong>ad</strong></span> <span class='ocrx_word' id='word_1_161' title='bbox 995 2333 1231 2398; x_wconf 88' lang='lat' dir='ltr'><strong>concludendum</strong></span> <span class='ocrx_word' id='word_1_162' title='bbox 1248 2329 1303 2416; x_wconf 82' lang='lat'><strong>(5).</strong></span> 
     </span>
    </p>

    <p class='ocr_par' dir='ltr' id='par_1_6' title="bbox 197 2446 1470 2985">
     <span class='ocr_line' id='line_1_18' title="bbox 253 2446 1469 2526; baseline -0.001 -16"><span class='ocrx_word' id='word_1_163' title='bbox 253 2446 296 2510; x_wconf 77' lang='lat'><strong>24</strong></span> <span class='ocrx_word' id='word_1_164' title='bbox 317 2446 355 2510; x_wconf 90' lang='lat' dir='ltr'><strong>Iu</strong></span> <span class='ocrx_word' id='word_1_165' title='bbox 376 2446 402 2522; x_wconf 93' lang='lat'><strong>1,</strong></span> <span class='ocrx_word' id='word_1_166' title='bbox 431 2447 626 2512; x_wconf 89' lang='lat' dir='ltr'><strong>eonllnlorum</strong></span> <span class='ocrx_word' id='word_1_167' title='bbox 651 2447 806 2526; x_wconf 82' lang='lat' dir='ltr'><strong>praelectus</strong></span> <span class='ocrx_word' id='word_1_168' title='bbox 835 2453 938 2526; x_wconf 88' lang='lat' dir='ltr'><strong>petens</strong></span> <span class='ocrx_word' id='word_1_169' title='bbox 961 2446 1109 2511; x_wconf 88' lang='lat' dir='ltr'><strong>introduci</strong></span> <span class='ocrx_word' id='word_1_170' title='bbox 1130 2446 1200 2509; x_wconf 90' lang='lat' dir='ltr'><strong>ait:</strong></span> <span class='ocrx_word' id='word_1_171' title='bbox 1230 2446 1378 2526; x_wconf 89' lang='lat' dir='ltr'><strong>sapientes</strong></span> <span class='ocrx_word' id='word_1_172' title='bbox 1400 2462 1469 2510; x_wconf 90' lang='lat' dir='ltr'><strong>eum</strong></span> 
     </span>
     <span class='ocr_line' id='line_1_19' title="bbox 198 2555 1466 2643; baseline -0.001 -20"><span class='ocrx_word' id='word_1_173' title='bbox 198 2559 392 2639; x_wconf 78' lang='lat' dir='ltr'><strong>pervenerint</strong></span> <span class='ocrx_word' id='word_1_174' title='bbox 405 2560 436 2622; x_wconf 91' lang='lat' dir='ltr'><strong>iu</strong></span> <span class='ocrx_word' id='word_1_175' title='bbox 451 2561 531 2624; x_wconf 93' lang='lat' dir='ltr'><strong>bunc</strong></span> <span class='ocrx_word' id='word_1_176' title='bbox 546 2562 656 2636; x_wconf 88' lang='lat' dir='ltr'><strong>locum,</strong></span> <span class='ocrx_word' id='word_1_177' title='bbox 679 2560 751 2624; x_wconf 91' lang='lat' dir='ltr'><strong>mihi</strong></span> <span class='ocrx_word' id='word_1_178' title='bbox 773 2561 904 2623; x_wconf 87' lang='lat' dir='ltr'><strong>nondum</strong></span> <span class='ocrx_word' id='word_1_179' title='bbox 927 2576 1057 2639; x_wconf 86' lang='lat' dir='ltr'><strong>unquam</strong></span> <span class='ocrx_word' id='word_1_180' title='bbox 1073 2575 1132 2624; x_wconf 94' lang='lat' dir='ltr'><strong>non</strong></span> <span class='ocrx_word' id='word_1_181' title='bbox 1149 2559 1232 2623; x_wconf 89' lang='lat' dir='ltr'><strong>licuit</strong></span> <span class='ocrx_word' id='word_1_182' title='bbox 1250 2559 1378 2622; x_wconf 89' lang='lat' dir='ltr'><strong>invisere</strong></span> <span class='ocrx_word' id='word_1_183' title='bbox 1396 2555 1438 2643; x_wconf 90' lang='grc'><strong>(6)</strong></span> <span class='ocrx_word' id='word_1_184' title='bbox 1458 2577 1466 2622; x_wconf 90' lang='lat'>:</span> 
     </span>
     <span class='ocr_line' id='line_1_20' title="bbox 197 2671 1470 2753; baseline -0.002 -16"><span class='ocrx_word' id='word_1_185' title='bbox 197 2689 343 2752; x_wconf 73' lang='lat' dir='ltr'><strong>sequacm</strong></span> <span class='ocrx_word' id='word_1_186' title='bbox 364 2673 593 2738; x_wconf 83' lang='lat' dir='ltr'><strong>introduxerunt</strong></span> <span class='ocrx_word' id='word_1_187' title='bbox 613 2689 682 2737; x_wconf 89' lang='lat' dir='ltr'><strong>eum</strong></span> <span class='ocrx_word' id='word_1_188' title='bbox 701 2693 708 2735; x_wconf 94' lang='lat'>:</span> <span class='ocrx_word' id='word_1_189' title='bbox 726 2674 756 2736; x_wconf 94' lang='lat' dir='ltr'><strong>lu</strong></span> <span class='ocrx_word' id='word_1_190' title='bbox 771 2673 852 2737; x_wconf 84' lang='lat' dir='ltr'><strong>exitu</strong></span> <span class='ocrx_word' id='word_1_191' title='bbox 867 2673 909 2737; x_wconf 90' lang='lat' dir='ltr'><strong>ait</strong></span> <span class='ocrx_word' id='word_1_192' title='bbox 926 2693 933 2736; x_wconf 95' lang='lat'>:</span> <span class='ocrx_word' id='word_1_193' title='bbox 951 2688 1005 2737; x_wconf 86' lang='lat' dir='ltr'><strong>vos</strong></span> <span class='ocrx_word' id='word_1_194' title='bbox 1020 2672 1106 2752; x_wconf 90' lang='lat' dir='ltr'><strong>pauci</strong></span> <span class='ocrx_word' id='word_1_195' title='bbox 1123 2672 1216 2749; x_wconf 90' lang='lat' dir='ltr'><strong>tllioli,</strong></span> <span class='ocrx_word' id='word_1_196' title='bbox 1234 2673 1304 2751; x_wconf 83' lang='lat' dir='ltr'><strong>quill</strong></span> <span class='ocrx_word' id='word_1_197' title='bbox 1323 2671 1470 2753; x_wconf 75' lang='lat' dir='ltr'><strong>angimini</strong></span> 
     </span>
     <span class='ocr_line' id='line_1_21' title="bbox 197 2785 1470 2868; baseline -0.001 -18"><span class='ocrx_word' id='word_1_198' title='bbox 197 2785 232 2850; x_wconf 83' lang='lat' dir='ltr'><strong>lle</strong></span> <span class='ocrx_word' id='word_1_199' title='bbox 247 2787 363 2850; x_wconf 87' lang='lat' dir='ltr'><strong>amissa</strong></span> <span class='ocrx_word' id='word_1_200' title='bbox 384 2786 550 2868; x_wconf 78' lang='lat' dir='ltr'><strong>nigniuter</strong></span> <span class='ocrx_word' id='word_1_201' title='bbox 574 2786 732 2866; x_wconf 92' lang='lat' dir='ltr'><strong>imperium</strong></span> <span class='ocrx_word' id='word_1_202' title='bbox 747 2792 828 2851; x_wconf 91' lang='lat' dir='ltr'><strong>caret</strong></span> <span class='ocrx_word' id='word_1_203' title='bbox 843 2787 956 2862; x_wconf 89' lang='lat' dir='ltr'><strong>ordine,</strong></span> <span class='ocrx_word' id='word_1_204' title='bbox 971 2786 1085 2866; x_wconf 84' lang='lat' dir='ltr'><strong>jamdiu</strong></span> <span class='ocrx_word' id='word_1_205' title='bbox 1104 2787 1242 2865; x_wconf 84' lang='lat' dir='ltr'><strong>quidem3</strong></span> <span class='ocrx_word' id='word_1_206' title='bbox 1269 2785 1378 2849; x_wconf 87' lang='lat' dir='ltr'><strong>coelnm</strong></span> <span class='ocrx_word' id='word_1_207' title='bbox 1399 2800 1470 2849; x_wconf 82' lang='lat' dir='ltr'><strong>mox</strong></span> 
     </span>
     <span class='ocr_line' id='line_1_22' title="bbox 197 2896 1125 2985; baseline 0.002 -23"><span class='ocrx_word' id='word_1_208' title='bbox 197 2905 302 2965; x_wconf 87' lang='lat' dir='ltr'><strong>utetur</strong></span> <span class='ocrx_word' id='word_1_209' title='bbox 317 2899 474 2982; x_wconf 78' lang='lat' dir='ltr'><strong>magistro,</strong></span> <span class='ocrx_word' id='word_1_210' title='bbox 492 2906 525 2964; x_wconf 91' lang='lat' dir='ltr'><strong>ul</strong></span> <span class='ocrx_word' id='word_1_211' title='bbox 539 2900 579 2964; x_wconf 88' lang='lat' dir='ltr'><strong>sit</strong></span> <span class='ocrx_word' id='word_1_212' title='bbox 592 2901 692 2984; x_wconf 77' lang='lat' dir='ltr'><strong>lignea</strong></span> <span class='ocrx_word' id='word_1_213' title='bbox 707 2900 810 2983; x_wconf 79' lang='lat' dir='ltr'><strong>lingua</strong></span> <span class='ocrx_word' id='word_1_214' title='bbox 826 2900 1056 2965; x_wconf 90' lang='lat' dir='ltr'><strong>tintinnabulum</strong></span> <span class='ocrx_word' id='word_1_215' title='bbox 1068 2896 1125 2985; x_wconf 84' lang='grc'>(7).</span> 
     </span>
    </p>
   </div>
   <div class='ocr_carea' id='block_1_4' title="bbox 197 3169 1470 3471">
    <p class='ocr_par' dir='ltr' id='par_1_7' title="bbox 197 3169 1470 3471">
     <span class='ocr_line' id='line_1_23' title="bbox 197 3169 689 3247; baseline -0.004 -16"><span class='ocrx_word' id='word_1_216' title='bbox 197 3170 338 3231; x_wconf 87' lang='lat' dir='ltr'><strong>deductas</strong></span> <span class='ocrx_word' id='word_1_217' title='bbox 350 3180 383 3228; x_wconf 86' lang='lat' dir='ltr'><strong>ut</strong></span> <span class='ocrx_word' id='word_1_218' title='bbox 396 3169 524 3247; x_wconf 86' lang='lat' dir='ltr'><strong>impediri</strong></span> <span class='ocrx_word' id='word_1_219' title='bbox 537 3176 689 3246; x_wconf 85' lang='lat' dir='ltr'><strong>nequeant.</strong></span> 
     </span>
     <span class='ocr_line' id='line_1_24' title="bbox 239 3269 1470 3359; baseline -0.006 -15"><span class='ocrx_word' id='word_1_220' title='bbox 239 3275 285 3354; x_wconf 85' lang='lat'><strong>(3)</strong></span> <span class='ocrx_word' id='word_1_221' title='bbox 309 3282 396 3342; x_wconf 85' lang='lat' dir='ltr'><strong>Koau</strong></span> <span class='ocrx_word' id='word_1_222' title='bbox 410 3282 525 3359; x_wconf 87' lang='lat' dir='ltr'><strong>tehong,</strong></span> <span class='ocrx_word' id='word_1_223' title='bbox 540 3282 649 3342; x_wconf 83' lang='lat' dir='ltr'><strong>celeber</strong></span> <span class='ocrx_word' id='word_1_224' title='bbox 662 3269 724 3340; x_wconf 85' lang='lat' dir='ltr'><strong>T‘si</strong></span> <span class='ocrx_word' id='word_1_225' title='bbox 739 3279 828 3357; x_wconf 58' lang='lat' dir='ltr'><strong>reguli</strong></span> <span class='ocrx_word' id='word_1_226' title='bbox 843 3281 977 3341; x_wconf 78' lang='lat' dir='ltr'><strong>minister.</strong></span> <span class='ocrx_word' id='word_1_227' title='bbox 1005 3278 1064 3341; x_wconf 79' lang='lat' dir='ltr'><strong>San</strong></span> <span class='ocrx_word' id='word_1_228' title='bbox 1078 3278 1151 3351; x_wconf 80' lang='lat' dir='ltr'><strong>koei,</strong></span> <span class='ocrx_word' id='word_1_229' title='bbox 1166 3298 1270 3337; x_wconf 89' lang='lat' dir='ltr'><strong>nomen</strong></span> <span class='ocrx_word' id='word_1_230' title='bbox 1285 3278 1370 3337; x_wconf 91' lang='lat' dir='ltr'><strong>turris</strong></span> <span class='ocrx_word' id='word_1_231' title='bbox 1384 3279 1422 3339; x_wconf 84' lang='lat' dir='ltr'><strong>ab</strong></span> <span class='ocrx_word' id='word_1_232' title='bbox 1435 3297 1470 3337; x_wconf 90' lang='lat' dir='ltr'><strong>eo</strong></span> 
     </span>
     <span class='ocr_line' id='line_1_25' title="bbox 197 3373 1470 3471; baseline -0.005 -14"><span class='ocrx_word' id='word_1_233' title='bbox 197 3396 353 3457; x_wconf 74' lang='lat' dir='ltr'><strong>aedificatas.</strong></span> <span class='ocrx_word' id='word_1_234' title='bbox 376 3394 447 3471; x_wconf 84' lang='lat' dir='ltr'><strong>Ejus</strong></span> <span class='ocrx_word' id='word_1_235' title='bbox 462 3395 628 3468; x_wconf 74' lang='lat' dir='ltr'><strong>administri,</strong></span> <span class='ocrx_word' id='word_1_236' title='bbox 651 3394 755 3471; x_wconf 87' lang='lat' dir='ltr'><strong>singuli</strong></span> <span class='ocrx_word' id='word_1_237' title='bbox 778 3395 891 3453; x_wconf 89' lang='lat' dir='ltr'><strong>unicum</strong></span> <span class='ocrx_word' id='word_1_238' title='bbox 905 3395 1043 3471; x_wconf 83' lang='lat' dir='ltr'><strong>gerebant</strong></span> <span class='ocrx_word' id='word_1_239' title='bbox 1064 3373 1195 3452; x_wconf 86' lang='lat' dir='ltr'><strong>officium.</strong></span> <span class='ocrx_word' id='word_1_240' title='bbox 1221 3388 1392 3467; x_wconf 70' lang='lat' dir='ltr'><strong>Regillomm</strong></span> <span class='ocrx_word' id='word_1_241' title='bbox 1407 3400 1470 3451; x_wconf 85' lang='lat' dir='ltr'><strong>erat</strong></span> 
     </span>
    </p>
   </div>
   <div class='ocr_carea' id='block_1_5' title="bbox 197 3505 1600 3586">
    <p class='ocr_par' dir='ltr' id='par_1_8' title="bbox 197 3505 1600 3586">
     <span class='ocr_line' id='line_1_26' title="bbox 197 3505 1600 3586; baseline -0.004 -17"><span class='ocrx_word' id='word_1_242' title='bbox 197 3509 307 3570; x_wconf 87' lang='lat' dir='ltr'><strong>habere</strong></span> <span class='ocrx_word' id='word_1_243' title='bbox 320 3510 457 3586; x_wconf 86' lang='lat' dir='ltr'><strong>siparium</strong></span> <span class='ocrx_word' id='word_1_244' title='bbox 469 3526 518 3570; x_wconf 86' lang='lat' dir='ltr'><strong>scu</strong></span> <span class='ocrx_word' id='word_1_245' title='bbox 532 3515 730 3585; x_wconf 86' lang='lat' dir='ltr'><strong>tegumentum</strong></span> <span class='ocrx_word' id='word_1_246' title='bbox 744 3516 843 3568; x_wconf 86' lang='lat' dir='ltr'><strong>contra</strong></span> <span class='ocrx_word' id='word_1_247' title='bbox 858 3516 978 3584; x_wconf 86' lang='lat' dir='ltr'><strong>portam,</strong></span> <span class='ocrx_word' id='word_1_248' title='bbox 993 3514 1022 3566; x_wconf 87' lang='lat' dir='ltr'><strong>et</strong></span> <span class='ocrx_word' id='word_1_249' title='bbox 1035 3515 1159 3566; x_wconf 76' lang='lat' dir='ltr'><strong>cheteum</strong></span> <span class='ocrx_word' id='word_1_250' title='bbox 1173 3505 1302 3573; x_wconf 83' lang='lat' dir='ltr'><strong>abacum,</strong></span> <span class='ocrx_word' id='word_1_251' title='bbox 1317 3505 1367 3581; x_wconf 89' lang='lat' dir='ltr'><strong>qui</strong></span> <span class='ocrx_word' id='word_1_252' title='bbox 1378 3505 1471 3564; x_wconf 85' lang='lat' dir='ltr'><strong>iuver·</strong></span> <span class='ocrx_word' id='word_1_253' title='bbox 1597 3527 1600 3535; x_wconf 75' lang='grc'><strong>’</strong></span> 
     </span>
    </p>
   </div>
   <div class='ocr_carea' id='block_1_6' title="bbox 196 3595 1471 4719">
    <p class='ocr_par' dir='ltr' id='par_1_9' title="bbox 196 3595 943 3700">
     <span class='ocr_line' id='line_1_27' title="bbox 196 3595 943 3700; baseline -0.003 -18"><span class='ocrx_word' id='word_1_254' title='bbox 196 3642 245 3683; x_wconf 86' lang='lat' dir='ltr'><strong>sos</strong></span> <span class='ocrx_word' id='word_1_255' title='bbox 259 3622 382 3700; x_wconf 83' lang='lat' dir='ltr'><strong>scyphos</strong></span> <span class='ocrx_word' id='word_1_256' title='bbox 394 3623 540 3700; x_wconf 88' lang='lat' dir='ltr'><strong>reciperet.</strong></span> <span class='ocrx_word' id='word_1_257' title='bbox 563 3595 621 3694; x_wconf 58' lang='lat' dir='ltr'><strong>dl,</strong></span> <span class='ocrx_word' id='word_1_258' title='bbox 637 3621 765 3681; x_wconf 83' lang='lat' dir='ltr'><strong>enricum</strong></span> <span class='ocrx_word' id='word_1_259' title='bbox 774 3620 943 3680; x_wconf 81' lang='lat' dir='ltr'><strong>convivium.</strong></span> 
     </span>
    </p>

    <p class='ocr_par' dir='ltr' id='par_1_10' title="bbox 239 3727 867 3813">
     <span class='ocr_line' id='line_1_28' title="bbox 239 3727 867 3813; baseline -0.005 -18"><span class='ocrx_word' id='word_1_260' title='bbox 239 3727 287 3807; x_wconf 82' lang='grc'>(4)</span> <span class='ocrx_word' id='word_1_261' title='bbox 306 3735 421 3795; x_wconf 79' lang='lat' dir='ltr'><strong>Musicae</strong></span> <span class='ocrx_word' id='word_1_262' title='bbox 434 3735 540 3813; x_wconf 74' lang='lat' dir='ltr'><strong>regula</strong></span> <span class='ocrx_word' id='word_1_263' title='bbox 554 3733 631 3793; x_wconf 86' lang='lat' dir='ltr'><strong>hand</strong></span> <span class='ocrx_word' id='word_1_264' title='bbox 646 3734 718 3794; x_wconf 87' lang='lat' dir='ltr'><strong>scitu</strong></span> <span class='ocrx_word' id='word_1_265' title='bbox 732 3734 867 3794; x_wconf 86' lang='lat' dir='ltr'><strong>difficiles.</strong></span> 
     </span>
    </p>

    <p class='ocr_par' dir='ltr' id='par_1_11' title="bbox 197 3819 1471 4040">
     <span class='ocr_line' id='line_1_29' title="bbox 239 3819 1471 3935; baseline -0.006 -27"><span class='ocrx_word' id='word_1_266' title='bbox 239 3845 287 3919; x_wconf 83' lang='lat'><strong>(5)</strong></span> <span class='ocrx_word' id='word_1_267' title='bbox 312 3827 350 3908; x_wconf 51' lang='grc' dir='ltr'><strong>ἠΰ</strong></span> <span class='ocrx_word' id='word_1_268' title='bbox 365 3848 435 3908; x_wconf 83' lang='lat' dir='ltr'><strong>fecit</strong></span> <span class='ocrx_word' id='word_1_269' title='bbox 448 3848 592 3920; x_wconf 83' lang='lat' dir='ltr'><strong>adverbis,</strong></span> <span class='ocrx_word' id='word_1_270' title='bbox 614 3848 803 3926; x_wconf 86' lang='lat' dir='ltr'><strong>exprimitque</strong></span> <span class='ocrx_word' id='word_1_271' title='bbox 817 3848 941 3907; x_wconf 88' lang='lat' dir='ltr'><strong>modum.</strong></span> <span class='ocrx_word' id='word_1_272' title='bbox 965 3820 1006 3905; x_wconf 57' lang='lat' dir='ltr'><strong>id</strong></span> <span class='ocrx_word' id='word_1_273' title='bbox 1021 3853 1106 3906; x_wconf 86' lang='lat' dir='ltr'><strong>sonat</strong></span> <span class='ocrx_word' id='word_1_274' title='bbox 1120 3820 1177 3908; x_wconf 51' lang='lat' dir='ltr'><strong>ff.</strong></span> <span class='ocrx_word' id='word_1_275' title='bbox 1202 3843 1315 3903; x_wconf 88' lang='lat' dir='ltr'><strong>Dicitur</strong></span> <span class='ocrx_word' id='word_1_276' title='bbox 1333 3819 1471 3935; x_wconf 61' lang='lat' dir='ltr'><strong>fillenias</strong></span> 
     </span>
     <span class='ocr_line' id='line_1_30' title="bbox 197 3960 876 4040; baseline -0.001 -20"><span class='ocrx_word' id='word_1_277' title='bbox 197 3961 380 4040; x_wconf 77' lang='lat' dir='ltr'><strong>symphonias</strong></span> <span class='ocrx_word' id='word_1_278' title='bbox 393 3978 442 4022; x_wconf 88' lang='lat' dir='ltr'><strong>seu</strong></span> <span class='ocrx_word' id='word_1_279' title='bbox 456 3961 556 4019; x_wconf 84' lang='lat' dir='ltr'><strong>musici</strong></span> <span class='ocrx_word' id='word_1_280' title='bbox 571 3963 712 4038; x_wconf 83' lang='lat' dir='ltr'><strong>segmenti</strong></span> <span class='ocrx_word' id='word_1_281' title='bbox 725 3960 876 4020; x_wconf 85' lang='lat' dir='ltr'><strong>conclusio.</strong></span> 
     </span>
    </p>

    <p class='ocr_par' dir='ltr' id='par_1_12' title="bbox 240 4045 1468 4152">
     <span class='ocr_line' id='line_1_31' title="bbox 240 4045 1468 4152; baseline -0.002 -18"><span class='ocrx_word' id='word_1_282' title='bbox 240 4067 289 4146; x_wconf 83' lang='grc'>(6)</span> <span class='ocrx_word' id='word_1_283' title='bbox 308 4054 362 4146; x_wconf 57' lang='lat' dir='ltr'><strong>fl,</strong></span> <span class='ocrx_word' id='word_1_284' title='bbox 373 4075 439 4133; x_wconf 80' lang='lat' dir='ltr'><strong>nubs</strong></span> <span class='ocrx_word' id='word_1_285' title='bbox 449 4075 530 4151; x_wconf 81' lang='lat' dir='ltr'><strong>regni</strong></span> <span class='ocrx_word' id='word_1_286' title='bbox 539 4045 589 4147; x_wconf 52' lang='lat' dir='ltr'><strong>fi,</strong></span> <span class='ocrx_word' id='word_1_287' title='bbox 601 4075 639 4133; x_wconf 84' lang='lat' dir='ltr'><strong>ad</strong></span> <span class='ocrx_word' id='word_1_288' title='bbox 648 4074 733 4151; x_wconf 89' lang='lat' dir='ltr'><strong>quod,</strong></span> <span class='ocrx_word' id='word_1_289' title='bbox 740 4074 844 4134; x_wconf 67' lang='lat' dir='ltr'><strong>ammae</strong></span> <span class='ocrx_word' id='word_1_290' title='bbox 851 4066 952 4133; x_wconf 74' lang='lat' dir='ltr'><strong>in&#39;Lou</strong></span> <span class='ocrx_word' id='word_1_291' title='bbox 962 4075 1102 4152; x_wconf 83' lang='lat' dir='ltr'><strong>dignitate</strong></span> <span class='ocrx_word' id='word_1_292' title='bbox 1109 4047 1160 4141; x_wconf 49' lang='grc' dir='ltr'><strong>ἓ,</strong></span> <span class='ocrx_word' id='word_1_293' title='bbox 1175 4068 1468 4150; x_wconf 77' lang='lat' dir='ltr'><strong>Confireiusperrexit</strong></span> 
     </span>
    </p>

    <p class='ocr_par' dir='ltr' id='par_1_13' title="bbox 199 4181 1471 4719">
     <span class='ocr_line' id='line_1_32' title="bbox 239 4181 1468 4265; baseline -0.006 -14"><span class='ocrx_word' id='word_1_294' title='bbox 239 4181 289 4259; x_wconf 79' lang='grc'>(7)</span> <span class='ocrx_word' id='word_1_295' title='bbox 308 4186 480 4265; x_wconf 71' lang='lat' dir='ltr'><strong>diligebatur</strong></span> <span class='ocrx_word' id='word_1_296' title='bbox 494 4186 562 4246; x_wconf 89' lang='lat' dir='ltr'><strong>olim</strong></span> <span class='ocrx_word' id='word_1_297' title='bbox 575 4188 670 4265; x_wconf 84' lang='lat' dir='ltr'><strong>gravis</strong></span> <span class='ocrx_word' id='word_1_298' title='bbox 685 4188 877 4259; x_wconf 73' lang='lat' dir='ltr'><strong>theuderium,</strong></span> <span class='ocrx_word' id='word_1_299' title='bbox 891 4188 941 4264; x_wconf 94' lang='lat' dir='ltr'><strong>qui</strong></span> <span class='ocrx_word' id='word_1_300' title='bbox 954 4187 1030 4265; x_wconf 86' lang='lat' dir='ltr'><strong>leges</strong></span> <span class='ocrx_word' id='word_1_301' title='bbox 1043 4185 1153 4264; x_wconf 84' lang='lat' dir='ltr'><strong>imperii</strong></span> <span class='ocrx_word' id='word_1_302' title='bbox 1165 4193 1194 4245; x_wconf 85' lang='lat' dir='ltr'><strong>et</strong></span> <span class='ocrx_word' id='word_1_303' title='bbox 1202 4183 1364 4243; x_wconf 84' lang='lat' dir='ltr'><strong>doctrinam</strong></span> <span class='ocrx_word' id='word_1_304' title='bbox 1379 4183 1468 4244; x_wconf 87' lang='lat' dir='ltr'><strong>Seno·</strong></span> 
     </span>
     <span class='ocr_line' id='line_1_33' title="bbox 201 4295 1471 4380; baseline -0.003 -20"><span class='ocrx_word' id='word_1_305' title='bbox 201 4308 298 4363; x_wconf 86' lang='lat' dir='ltr'><strong>torum</strong></span> <span class='ocrx_word' id='word_1_306' title='bbox 312 4321 363 4380; x_wconf 89' lang='lat' dir='ltr'><strong>per</strong></span> <span class='ocrx_word' id='word_1_307' title='bbox 376 4300 535 4378; x_wconf 85' lang='lat' dir='ltr'><strong>provincias</strong></span> <span class='ocrx_word' id='word_1_308' title='bbox 547 4300 707 4378; x_wconf 79' lang='lat' dir='ltr'><strong>divulgaret</strong></span> <span class='ocrx_word' id='word_1_309' title='bbox 721 4322 728 4358; x_wconf 96' lang='lat'><strong>:</strong></span> <span class='ocrx_word' id='word_1_310' title='bbox 745 4302 877 4360; x_wconf 88' lang='lat' dir='ltr'><strong>utebatur</strong></span> <span class='ocrx_word' id='word_1_311' title='bbox 896 4298 1089 4361; x_wconf 88' lang='lat' dir='ltr'><strong>tintinnabulo</strong></span> <span class='ocrx_word' id='word_1_312' title='bbox 1103 4316 1183 4357; x_wconf 84' lang='lat' dir='ltr'><strong>aeneo</strong></span> <span class='ocrx_word' id='word_1_313' title='bbox 1196 4296 1296 4375; x_wconf 84' lang='lat' dir='ltr'><strong>lingue</strong></span> <span class='ocrx_word' id='word_1_314' title='bbox 1311 4295 1416 4374; x_wconf 84' lang='lat' dir='ltr'><strong>lignea,</strong></span> <span class='ocrx_word' id='word_1_315' title='bbox 1432 4296 1471 4356; x_wconf 82' lang='lat' dir='ltr'><strong>ad</strong></span> 
     </span>
     <span class='ocr_line' id='line_1_34' title="bbox 199 4384 1469 4493; baseline -0.006 -18"><span class='ocrx_word' id='word_1_316' title='bbox 199 4414 355 4493; x_wconf 75' lang='lat' dir='ltr'><strong>disefimen</strong></span> <span class='ocrx_word' id='word_1_317' title='bbox 369 4413 557 4473; x_wconf 88' lang='lat' dir='ltr'><strong>tintinuabuli</strong></span> <span class='ocrx_word' id='word_1_318' title='bbox 570 4384 709 4487; x_wconf 78' lang='lat' dir='ltr'><strong>mditaris,</strong></span> <span class='ocrx_word' id='word_1_319' title='bbox 727 4414 787 4473; x_wconf 88' lang='lat' dir='ltr'><strong>Kin</strong></span> <span class='ocrx_word' id='word_1_320' title='bbox 801 4422 832 4472; x_wconf 84' lang='lat' dir='ltr'><strong>to</strong></span> <span class='ocrx_word' id='word_1_321' title='bbox 846 4390 887 4475; x_wconf 53' lang='lat' dir='ltr'><strong>fi</strong></span> <span class='ocrx_word' id='word_1_322' title='bbox 902 4390 952 4485; x_wconf 53' lang='lat' dir='ltr'><strong>fl,</strong></span> <span class='ocrx_word' id='word_1_323' title='bbox 965 4433 1017 4491; x_wconf 88' lang='lat' dir='ltr'><strong>quo</strong></span> <span class='ocrx_word' id='word_1_324' title='bbox 1030 4420 1141 4473; x_wconf 86' lang='lat' dir='ltr'><strong>statuta</strong></span> <span class='ocrx_word' id='word_1_325' title='bbox 1154 4409 1255 4470; x_wconf 87' lang='lat' dir='ltr'><strong>bellice</strong></span> <span class='ocrx_word' id='word_1_326' title='bbox 1268 4408 1469 4487; x_wconf 79' lang='lat' dir='ltr'><strong>vulgabantnr.</strong></span> 
     </span>
     <span class='ocr_line' id='line_1_35' title="bbox 201 4521 1469 4603; baseline -0.006 -14"><span class='ocrx_word' id='word_1_327' title='bbox 201 4525 317 4589; x_wconf 74' lang='lat' dir='ltr'><strong>Graium</strong></span> <span class='ocrx_word' id='word_1_328' title='bbox 330 4544 402 4588; x_wconf 87' lang='lat' dir='ltr'><strong>mox</strong></span> <span class='ocrx_word' id='word_1_329' title='bbox 414 4534 512 4586; x_wconf 72' lang='lat' dir='ltr'><strong>utebar</strong></span> <span class='ocrx_word' id='word_1_330' title='bbox 525 4526 671 4599; x_wconf 69' lang='lat' dir='ltr'><strong>consumo,</strong></span> <span class='ocrx_word' id='word_1_331' title='bbox 684 4528 744 4588; x_wconf 85' lang='lat' dir='ltr'><strong>sive</strong></span> <span class='ocrx_word' id='word_1_332' title='bbox 757 4527 834 4603; x_wconf 86' lang='lat' dir='ltr'><strong>quod</strong></span> <span class='ocrx_word' id='word_1_333' title='bbox 846 4526 950 4586; x_wconf 83' lang='lat' dir='ltr'><strong>iterum</strong></span> <span class='ocrx_word' id='word_1_334' title='bbox 971 4526 1142 4603; x_wconf 79' lang='lat' dir='ltr'><strong>magistratu</strong></span> <span class='ocrx_word' id='word_1_335' title='bbox 1157 4523 1195 4582; x_wconf 88' lang='lat' dir='ltr'><strong>ad</strong></span> <span class='ocrx_word' id='word_1_336' title='bbox 1208 4521 1280 4582; x_wconf 82' lang='lat' dir='ltr'><strong>ulios</strong></span> <span class='ocrx_word' id='word_1_337' title='bbox 1300 4522 1469 4581; x_wconf 85' lang='lat' dir='ltr'><strong>erudiendos</strong></span> 
     </span>
     <span class='ocr_line' id='line_1_36' title="bbox 200 4606 1469 4719; baseline -0.009 -18"><span class='ocrx_word' id='word_1_338' title='bbox 200 4640 330 4715; x_wconf 83' lang='lat' dir='ltr'><strong>donabit,</strong></span> <span class='ocrx_word' id='word_1_339' title='bbox 351 4641 416 4703; x_wconf 81' lang='lat' dir='ltr'><strong>aire</strong></span> <span class='ocrx_word' id='word_1_340' title='bbox 428 4639 506 4716; x_wconf 86' lang='lat' dir='ltr'><strong>quod</strong></span> <span class='ocrx_word' id='word_1_341' title='bbox 517 4639 580 4700; x_wconf 82' lang='lat' dir='ltr'><strong>ideo</strong></span> <span class='ocrx_word' id='word_1_342' title='bbox 600 4641 768 4718; x_wconf 81' lang='lat' dir='ltr'><strong>magistratu</strong></span> <span class='ocrx_word' id='word_1_343' title='bbox 790 4640 923 4719; x_wconf 75' lang='lat' dir='ltr'><strong>privavit,</strong></span> <span class='ocrx_word' id='word_1_344' title='bbox 937 4647 970 4699; x_wconf 90' lang='lat' dir='ltr'><strong>ut</strong></span> <span class='ocrx_word' id='word_1_345' title='bbox 982 4646 1116 4699; x_wconf 83' lang='lat' dir='ltr'><strong>excurrat</strong></span> <span class='ocrx_word' id='word_1_346' title='bbox 1138 4636 1249 4696; x_wconf 80' lang='lat' dir='ltr'><strong>virtutis</strong></span> <span class='ocrx_word' id='word_1_347' title='bbox 1271 4653 1371 4714; x_wconf 76' lang='lat' dir='ltr'><strong>praeco.</strong></span> <span class='ocrx_word' id='word_1_348' title='bbox 1415 4606 1469 4707; x_wconf 50' lang='lat' dir='ltr'><strong>lli,</strong></span> 
     </span>
    </p>
   </div>
   <div class='ocr_carea' id='block_1_7' title="bbox 200 4751 1111 4832">
    <p class='ocr_par' dir='ltr' id='par_1_14' title="bbox 200 4751 1111 4832">
     <span class='ocr_line' id='line_1_37' title="bbox 200 4751 1111 4832; baseline -0.001 -20"><span class='ocrx_word' id='word_1_349' title='bbox 200 4761 272 4816; x_wconf 71' lang='lat' dir='ltr'><strong>nom</strong></span> <span class='ocrx_word' id='word_1_350' title='bbox 283 4754 384 4829; x_wconf 83' lang='lat' dir='ltr'><strong>futuri,</strong></span> <span class='ocrx_word' id='word_1_351' title='bbox 398 4771 472 4827; x_wconf 78' lang='lat' dir='ltr'><strong>moer,</strong></span> <span class='ocrx_word' id='word_1_352' title='bbox 483 4755 687 4832; x_wconf 63' lang='lat' dir='ltr'><strong>properassem,</strong></span> <span class='ocrx_word' id='word_1_353' title='bbox 700 4754 796 4814; x_wconf 87' lang='lat' dir='ltr'><strong>innuit</strong></span> <span class='ocrx_word' id='word_1_354' title='bbox 808 4751 986 4814; x_wconf 81' lang='lat' dir='ltr'><strong>uoluntatem</strong></span> <span class='ocrx_word' id='word_1_355' title='bbox 999 4751 1111 4830; x_wconf 54' lang='lat' dir='ltr'><strong>Quadi.</strong></span> 
     </span>
    </p>
   </div>
   <div class='ocr_carea' id='block_1_8' title="bbox 0 0 1844 5690">
    <p class='ocr_par' dir='ltr' id='par_1_15' title="bbox 0 0 1844 5690">
     <span class='ocr_line' id='line_1_38' title="bbox 0 0 1844 5690; baseline 0 0"><span class='ocrx_word' id='word_1_356' title='bbox 0 0 1844 5690; x_wconf 95' lang='lat' dir='ltr'><strong> </strong></span> 
     </span>
    </p>
   </div>
  </div>
 </body>
</html>
