3574 5664
562 491 667 536 ,OAPU'I'
685 488 802 535 mm(
814 504 855 518 ···
867 489 942 533 sm
961 490 1122 535 ΡΟΒΊἜΒῙΟΒ

632 712 758 788 Palas
785 711 1064 789 loscumbe.

262 937 295 1002 1.
321 937 393 1003 Yen
414 955 492 1022 yuen
514 938 710 1021 interrogavit
724 939 760 1002 de
775 937 873 1003 cordis
895 936 1083 1018 perfectione.
1118 936 1275 1002 Goniueius
1300 937 1477 1018 respoudit:

200 1051 331 1117 vincere
347 1053 493 1133 seipsum,
510 1060 540 1119 et
554 1052 758 1134 redintegrare
771 1051 938 1116 bouestatls
947 1051 1097 1129 decorum,
1117 1059 1163 1116 est
1177 1051 1296 1114 virtutis
1311 1051 1451 1130 perfectio
1469 1069 1477 1115 :

201 1181 265 1228 una
281 1165 346 1242 die,
364 1166 481 1231 devicto
496 1167 593 1247 seipso
608 1171 638 1229 et
653 1165 855 1247 redintegrato
877 1164 995 1238 decoro,
1018 1170 1113 1229 totum
1133 1163 1291 1243 imperium
1312 1164 1481 1243 acquiescet

201 1278 314 1343 virtuti
333 1299 342 1342 ι
362 1279 425 1346 lieri
447 1280 594 1359 perlectus
607 1293 625 1340 a
639 1277 737 1357 seipso
756 1286 818 1354 est3
844 1278 974 1341 etiamne
997 1278 1135 1356 pendebit
1149 1277 1187 1341 ab
1201 1277 1287 1340 aliisl
1311 1276 1377 1341 Yen
1402 1293 1480 1359 yuen

203 1390 367 1472 subiunxit
384 1411 392 1455 ε
411 1392 499 1456 licoat
513 1401 614 1472 petere
628 1392 693 1470 ejus
708 1392 875 1456 elenchum.
907 1389 1065 1454 Conluoius
1080 1388 1232 1470 respondit
1249 1411 1256 1453 :
1275 1396 1379 1454 contra
1394 1390 1479 1455 deeo-

203 1521 274 1568 rum
292 1504 370 1568 nibil
387 1521 504 1582 cemas,
521 1512 639 1586 praeter
660 1504 801 1569 decorum
816 1504 889 1567 nibil
905 1503 1016 1581 audias,
1037 1513 1121 1568 extra
1136 1503 1277 1567 decomm
1292 1503 1367 1567 nibil
1384 1502 1478 1581 dicas,

204 1618 272 1683 sine
295 1618 407 1683 decoro
431 1620 532 1683 nullus
557 1633 686 1683 moveas.
721 1617 787 1681 Yen
806 1633 884 1701 yueu
899 1617 942 1681 alt
959 1637 966 1681 :
985 1617 1070 1694 lloei,
1087 1616 1156 1681 licet
1171 1632 1230 1681 non
1246 1616 1365 1694 babilis,
1389 1617 1480 1681 velim

205 1732 330 1810 operari
345 1730 416 1795 buic
431 1732 620 1796 documento.

267 1844 300 1908 2.
325 1845 451 1927 chong
468 1844 549 1927 long
563 1844 760 1927 interrogavit
773 1844 810 1908 de
825 1845 942 1908 interna
959 1843 1149 1924 perfectione.
1182 1843 1339 1909 Goniueius
1358 1860 1479 1924 respou-

206 1956 251 2022 dit
269 1976 277 2021 ε
295 1957 443 2039 egredere
463 1959 563 2034 domo,
580 1957 665 2037 quasi
681 1958 796 2022 videres
818 1973 961 2040 magnum
984 1958 1149 2038 hospitem3
1175 1957 1298 2037 dispone
1322 1960 1477 2039 populum,

207 2072 296 2150 quasi
322 2078 469 2135 tractares
493 2087 636 2154 magnum
661 2071 855 2148 sacrificium
882 2070 1001 2150 ipsimet
1025 2071 1103 2151 quod
1129 2070 1218 2145 nolis,
1240 2087 1278 2135 ne
1297 2072 1434 2137 conseras
1448 2069 1479 2135 in

207 2184 304 2261 allos3
332 2192 363 2249 et
384 2185 414 2248 in
437 2198 532 2267 regno
556 2184 695 2249 eximens
724 2183 936 2260 simultatibus,
959 2184 990 2247 iu
1011 2185 1100 2248 domo
1123 2183 1243 2248 vacabis
1271 2185 1476 2263 querimoniis.

208 2297 341 2381 Tchong
355 2298 437 2381 long
451 2298 494 2361 ait
509 2316 517 2361 ε
535 2298 636 2380 Yong,
659 2297 795 2378 quamvis
810 2312 870 2362 non
886 2297 1005 2376 babilis,
1022 2296 1112 2361 velim
1127 2297 1233 2377 exequi
1250 2299 1306 2361 boc
1320 2299 1478 2363 documen-

209 2416 287 2475 tum.

268 2527 302 2590 3.
327 2524 365 2589 Se
380 2541 429 2588 ma
443 2525 531 2590 nieou
546 2524 743 2608 interrogarit
756 2524 792 2589 de
806 2524 897 2588 animi
913 2523 1102 2604 perfectione.
1126 2523 1283 2589 Goulucius
1298 2526 1451 2604 respondit
1468 2545 1476 2590 :

209 2639 302 2703 corde
322 2639 483 2718 perlectus,
507 2638 621 2703 scilicet
634 2638 720 2718 cujus
735 2637 824 2702 verba
839 2637 980 2717 impedita
1002 2644 1082 2702 sunt.
1112 2636 1161 2701 tit
1177 2657 1185 2701 ε
1203 2637 1289 2717 cuius
1303 2638 1394 2702 rerba
1409 2646 1480 2703 sunt

209 2750 366 2831 impedita,
383 2751 524 2817 continuo
538 2752 653 2817 dicetur
668 2751 756 2816 corde
771 2751 919 2831 perlectus
930 2750 1013 2830 jam?
1033 2751 1191 2816 Gonlueius
1207 2751 1345 2830 reponit:
1362 2752 1479 2817 actione

210 2871 385 2944 percautus,
402 2865 551 2929 locutione
565 2865 712 2946 poteritne
727 2865 806 2928 baud
820 2880 886 2929 esse
900 2864 1079 2945 impeditus?

270 2979 303 3042 4.
327 2979 365 3043 Se
380 2994 429 3042 ma
444 2979 531 3042 niecu
545 2978 742 3061 interrogavit
756 2978 792 3042 de
807 2979 872 3042 viro
886 2978 1029 3058 sapiente.
1058 2977 1217 3043 Goniucius
1237 2977 1390 3058 respondit
1406 2998 1414 3042 ε
1432 2978 1479 3043 vir

211 3092 333 3171 sapiens
348 3108 403 3157 nec
418 3091 553 3155 tristatur
568 3107 624 3156 nee
639 3092 723 3155 timet
736 3092 795 3163 ll).
817 3088 867 3154 llit
883 3110 891 3154 :
909 3091 959 3171 qui
974 3105 1033 3155 non
1050 3091 1185 3154 tristatur
1200 3105 1255 3154 noc
1270 3091 1365 3166 timet,
1384 3091 1477 3156 couti·

210 3220 272 3269 uuo
289 3204 404 3269 dicetur
418 3203 465 3267 vir
480 3204 598 3283 sapiens
610 3204 693 3284 iamt
712 3203 870 3269 Goniucius
889 3204 1005 3285 reponit
1022 3223 1029 3267 :
1048 3204 1098 3284 quui
1113 3219 1146 3268 se
1161 3203 1286 3268 interius
1304 3203 1478 3269 examinans

211 3317 288 3382 nibil
303 3317 482 3398 peccaverit,
499 3317 526 3381 is
540 3317 611 3398 quid
626 3316 804 3395 tristabitur,
821 3317 892 3397 quid
907 3312 1041 3382 timebit?

270 3433 303 3496 5.
327 3431 365 3496 Se
384 3447 433 3495 ma
452 3430 540 3496 uieou
564 3446 695 3495 moerons
715 3431 781 3494 ait:
800 3430 891 3495 ceteri
914 3446 1019 3495 omnes
1043 3429 1154 3494 babent
1177 3430 1296 3508 iratres,
1318 3445 1375 3513 ego
1396 3433 1478 3496 solus

210 3559 313 3609 careo.
340 3545 399 3608 Tse
414 3543 463 3607 bia
477 3543 574 3624 iuquit
591 3563 598 3607 :
617 3544 721 3625 Gbang
741 3542 840 3608 audivi
857 3545 913 3608 boc
930 3563 938 3607 ι
955 3559 1038 3608 mors
1052 3550 1082 3607 et
1096 3543 1157 3607 vita
1177 3542 1288 3608 babent
1311 3544 1475 3622 decretum,

211 3673 285 3738 opes
300 3663 331 3722 et
344 3657 484 3721 nobilitas
507 3673 599 3737 penes
622 3658 731 3721 coelum
749 3675 757 3720 z
775 3655 900 3736 sapienti
925 3657 989 3721 viro
1013 3656 1070 3720 sibi
1093 3657 1256 3721 attendenti
1275 3664 1305 3721 et
1325 3673 1477 3737 nunquam

211 3771 433 3846 intermittenti,
451 3786 518 3834 cum
534 3770 600 3834 aliis
615 3769 790 3849 obsequioso
805 3776 893 3849 atque
913 3770 1044 3861 servanti
1065 3740 1171 3846 uinea,
1197 3777 1325 3851 quatuor
1348 3772 1477 3836 marium

211 3884 340 3961 ambitu,
357 3899 462 3948 omnes
476 3889 547 3947 sunt
562 3883 685 3960 iratres3
702 3883 748 3946 vir
763 3882 892 3963 sapiens,
910 3884 961 3962 qul
974 3883 1085 3948 dolebit
1099 3884 1178 3963 quod
1192 3890 1292 3948 careat
1316 3883 1477 3948 iratribus?

273 3998 303 4062 6.
325 3998 385 4062 Tse
400 3997 512 4078 tcbang
526 3996 722 4078 interrogarit
736 3997 773 4060 de
788 3995 978 4076 perspicacia.
1000 3996 1159 4060 conracius
1173 3996 1325 4076 respondit
1341 4016 1348 4060 ε
1366 3996 1476 4062 sensim

210 4109 392 4175 insinuantis
407 4109 648 4185 obtrectationes,
659 4116 689 4173 et
699 4109 827 4173 cuticula
842 4109 990 4173 vulnerati
1004 4109 1218 4185 accusationes,
1233 4124 1292 4172 uon
1306 4110 1475 4188 admittere,

212 4230 311 4305 potest
330 4222 433 4289 vocari
452 4222 686 4303 perspicacitas:
704 4222 809 4287 leniter
830 4219 982 4286 instillatis
1003 4221 1273 4301 obtrectationibus,
1294 4228 1324 4287 et
1338 4223 1477 4304 pellicula

253 4597 298 4677 (l)
318 4607 373 4669 Ille
396 4607 436 4668 ob
455 4607 573 4666 fratrem
591 4577 624 4661 ff]
643 4577 691 4673 m
715 4604 848 4666 rebellem
868 4614 897 4665 et
919 4605 1094 4684 aanmgsm
1116 4622 1226 4684 semper
1247 4603 1422 4674 tristabatur,
1444 4607 1474 4661 et

215 4720 340 4782 limabat.
