<?xml version="1.0" encoding="UTF-8"?>
<!DOCTYPE html PUBLIC "-//W3C//DTD XHTML 1.0 Transitional//EN"
    "http://www.w3.org/TR/xhtml1/DTD/xhtml1-transitional.dtd">
<html xmlns="http://www.w3.org/1999/xhtml" xml:lang="en" lang="en">
 <head>
  <title>
</title>
<meta http-equiv="Content-Type" content="text/html;charset=utf-8" />
  <meta name='ocr-system' content='tesseract 3.04.00' />
  <meta name='ocr-capabilities' content='ocr_page ocr_carea ocr_par ocr_line ocrx_word'/>
</head>
<body>
  <div class='ocr_page' id='page_1' title='image "./cursuslitteratu00zottgoog_0219.png"; bbox 0 0 3672 5690; ppageno 0'>
   <div class='ocr_carea' id='block_1_1' title="bbox 743 447 1504 508">
    <p class='ocr_par' dir='ltr' id='par_1_1' title="bbox 743 447 1504 508">
     <span class='ocr_line' id='line_1_1' title="bbox 743 447 1504 508; baseline 0.001 -1"><span class='ocrx_word' id='word_1_1' title='bbox 743 465 846 507; x_wconf 78' lang='lat' dir='ltr'><strong>uacus</strong></span> <span class='ocrx_word' id='word_1_2' title='bbox 870 462 1005 506; x_wconf 75' lang='lat' dir='ltr'><strong>semum</strong></span> <span class='ocrx_word' id='word_1_3' title='bbox 1448 447 1504 508; x_wconf 82' lang='lat'><strong>157</strong></span> 
     </span>
    </p>
   </div>
   <div class='ocr_carea' id='block_1_2' title="bbox 230 578 1505 2590">
    <p class='ocr_par' dir='ltr' id='par_1_2' title="bbox 232 578 1505 1456">
     <span class='ocr_line' id='line_1_2' title="bbox 275 578 1501 663; baseline 0 -21"><span class='ocrx_word' id='word_1_4' title='bbox 275 581 306 642; x_wconf 79' lang='lat'><strong>7.</strong></span> <span class='ocrx_word' id='word_1_5' title='bbox 327 578 413 652; x_wconf 80' lang='lat' dir='ltr'><strong>Quod</strong></span> <span class='ocrx_word' id='word_1_6' title='bbox 427 579 538 644; x_wconf 90' lang='lat' dir='ltr'><strong>dicitur</strong></span> <span class='ocrx_word' id='word_1_7' title='bbox 554 595 730 659; x_wconf 92' lang='lat' dir='ltr'><strong>componere</strong></span> <span class='ocrx_word' id='word_1_8' title='bbox 745 594 830 642; x_wconf 89' lang='lat' dir='ltr'><strong>suam</strong></span> <span class='ocrx_word' id='word_1_9' title='bbox 845 594 1002 658; x_wconf 82' lang='lat' dir='ltr'><strong>personam</strong></span> <span class='ocrx_word' id='word_1_10' title='bbox 1018 595 1083 644; x_wconf 86' lang='lat' dir='ltr'><strong>esse</strong></span> <span class='ocrx_word' id='word_1_11' title='bbox 1098 579 1127 644; x_wconf 93' lang='lat' dir='ltr'><strong>in</strong></span> <span class='ocrx_word' id='word_1_12' title='bbox 1142 579 1320 663; x_wconf 78' lang='lat' dir='ltr'><strong>corrigendo</strong></span> <span class='ocrx_word' id='word_1_13' title='bbox 1334 595 1421 644; x_wconf 92' lang='lat' dir='ltr'><strong>suum</strong></span> <span class='ocrx_word' id='word_1_14' title='bbox 1437 596 1501 656; x_wconf 89' lang='lat' dir='ltr'><strong>cor,</strong></span> 
     </span>
     <span class='ocr_line' id='line_1_3' title="bbox 234 691 1503 777; baseline -0.001 -20"><span class='ocrx_word' id='word_1_15' title='bbox 234 709 339 773; x_wconf 82' lang='lat' dir='ltr'><strong>nempe</strong></span> <span class='ocrx_word' id='word_1_16' title='bbox 352 709 405 759; x_wconf 88' lang='lat' dir='ltr'><strong>cor</strong></span> <span class='ocrx_word' id='word_1_17' title='bbox 417 691 462 777; x_wconf 84' lang='grc'><strong>(1)</strong></span> <span class='ocrx_word' id='word_1_18' title='bbox 476 694 588 758; x_wconf 85' lang='lat' dir='ltr'><strong>habens</strong></span> <span class='ocrx_word' id='word_1_19' title='bbox 602 694 679 774; x_wconf 89' lang='lat' dir='ltr'><strong>quod</strong></span> <span class='ocrx_word' id='word_1_20' title='bbox 693 694 825 756; x_wconf 89' lang='lat' dir='ltr'><strong>irascens</strong></span> <span class='ocrx_word' id='word_1_21' title='bbox 839 692 1022 774; x_wconf 79' lang='lat' dir='ltr'>indignetur,</span> <span class='ocrx_word' id='word_1_22' title='bbox 1037 694 1099 772; x_wconf 84' lang='lat' dir='ltr'><strong>jam</strong></span> <span class='ocrx_word' id='word_1_23' title='bbox 1114 710 1172 757; x_wconf 93' lang='lat' dir='ltr'><strong>non</strong></span> <span class='ocrx_word' id='word_1_24' title='bbox 1187 693 1299 774; x_wconf 89' lang='lat' dir='ltr'><strong>potitur</strong></span> <span class='ocrx_word' id='word_1_25' title='bbox 1312 710 1366 756; x_wconf 89' lang='lat' dir='ltr'><strong>sua</strong></span> <span class='ocrx_word' id='word_1_26' title='bbox 1381 694 1503 756; x_wconf 87' lang='lat' dir='ltr'><strong>rectitu-</strong></span> 
     </span>
     <span class='ocr_line' id='line_1_4' title="bbox 234 804 1505 888; baseline -0.002 -18"><span class='ocrx_word' id='word_1_27' title='bbox 234 807 320 882; x_wconf 90' lang='lat' dir='ltr'><strong>dine;</strong></span> <span class='ocrx_word' id='word_1_28' title='bbox 337 807 452 870; x_wconf 85' lang='lat' dir='ltr'><strong>habens</strong></span> <span class='ocrx_word' id='word_1_29' title='bbox 464 808 543 888; x_wconf 85' lang='lat' dir='ltr'><strong>quod</strong></span> <span class='ocrx_word' id='word_1_30' title='bbox 554 823 664 887; x_wconf 88' lang='lat' dir='ltr'><strong>pavens</strong></span> <span class='ocrx_word' id='word_1_31' title='bbox 678 806 790 883; x_wconf 84' lang='lat' dir='ltr'><strong>timeat,</strong></span> <span class='ocrx_word' id='word_1_32' title='bbox 805 804 867 884; x_wconf 86' lang='lat' dir='ltr'><strong>jam</strong></span> <span class='ocrx_word' id='word_1_33' title='bbox 879 823 937 870; x_wconf 93' lang='lat' dir='ltr'><strong>non</strong></span> <span class='ocrx_word' id='word_1_34' title='bbox 949 814 1031 870; x_wconf 84' lang='lat' dir='ltr'><strong>tenet.</strong></span> <span class='ocrx_word' id='word_1_35' title='bbox 1044 823 1129 870; x_wconf 86' lang='lat' dir='ltr'><strong>suam</strong></span> <span class='ocrx_word' id='word_1_36' title='bbox 1144 806 1372 883; x_wconf 84' lang='lat' dir='ltr'><strong>rectitudinem3</strong></span> <span class='ocrx_word' id='word_1_37' title='bbox 1389 807 1505 871; x_wconf 85' lang='lat' dir='ltr'><strong>habens</strong></span> 
     </span>
     <span class='ocr_line' id='line_1_5' title="bbox 233 918 1504 1003; baseline -0.001 -18"><span class='ocrx_word' id='word_1_38' title='bbox 233 921 312 1000; x_wconf 83' lang='lat' dir='ltr'><strong>ouod</strong></span> <span class='ocrx_word' id='word_1_39' title='bbox 326 934 432 984; x_wconf 84' lang='lat' dir='ltr'><strong>amans</strong></span> <span class='ocrx_word' id='word_1_40' title='bbox 453 921 572 984; x_wconf 80' lang='lat' dir='ltr'><strong>studeat</strong></span> <span class='ocrx_word' id='word_1_41' title='bbox 587 918 642 1003; x_wconf 63' lang='grc' dir='ltr'>(ἓ),</span> <span class='ocrx_word' id='word_1_42' title='bbox 656 919 718 998; x_wconf 87' lang='lat' dir='ltr'><strong>jam</strong></span> <span class='ocrx_word' id='word_1_43' title='bbox 734 937 792 984; x_wconf 92' lang='lat' dir='ltr'><strong>non</strong></span> <span class='ocrx_word' id='word_1_44' title='bbox 807 919 938 999; x_wconf 77' lang='lat' dir='ltr'>possidet</span> <span class='ocrx_word' id='word_1_45' title='bbox 952 935 1037 983; x_wconf 90' lang='lat' dir='ltr'><strong>suam</strong></span> <span class='ocrx_word' id='word_1_46' title='bbox 1052 920 1278 996; x_wconf 82' lang='lat' dir='ltr'><strong>rectitudinem3</strong></span> <span class='ocrx_word' id='word_1_47' title='bbox 1295 920 1408 984; x_wconf 83' lang='lat' dir='ltr'><strong>habens</strong></span> <span class='ocrx_word' id='word_1_48' title='bbox 1424 921 1504 1000; x_wconf 86' lang='lat' dir='ltr'><strong>quod</strong></span> 
     </span>
     <span class='ocr_line' id='line_1_6' title="bbox 233 1032 1502 1113; baseline -0.001 -15"><span class='ocrx_word' id='word_1_49' title='bbox 233 1035 338 1098; x_wconf 87' lang='lat' dir='ltr'><strong>dolens</strong></span> <span class='ocrx_word' id='word_1_50' title='bbox 351 1041 491 1109; x_wconf 81' lang='lat' dir='ltr'><strong>moereac,</strong></span> <span class='ocrx_word' id='word_1_51' title='bbox 505 1033 640 1113; x_wconf 83' lang='lat' dir='ltr'><strong>jamnon</strong></span> <span class='ocrx_word' id='word_1_52' title='bbox 655 1032 768 1097; x_wconf 89' lang='lat' dir='ltr'><strong>obtinet</strong></span> <span class='ocrx_word' id='word_1_53' title='bbox 782 1048 867 1095; x_wconf 86' lang='lat' dir='ltr'><strong>suam</strong></span> <span class='ocrx_word' id='word_1_54' title='bbox 882 1034 1099 1097; x_wconf 78' lang='lat' dir='ltr'><strong>rectitudinem.</strong></span> <span class='ocrx_word' id='word_1_55' title='bbox 1124 1034 1228 1109; x_wconf 89' lang='lat' dir='ltr'><strong>Porro,</strong></span> <span class='ocrx_word' id='word_1_56' title='bbox 1245 1033 1345 1098; x_wconf 88' lang='lat' dir='ltr'><strong>animo</strong></span> <span class='ocrx_word' id='word_1_57' title='bbox 1357 1049 1415 1098; x_wconf 89' lang='lat' dir='ltr'><strong>non</strong></span> <span class='ocrx_word' id='word_1_58' title='bbox 1428 1050 1502 1113; x_wconf 83' lang='lat' dir='ltr'><strong>prae·</strong></span> 
     </span>
     <span class='ocr_line' id='line_1_7' title="bbox 233 1145 1504 1226; baseline 0 -15"><span class='ocrx_word' id='word_1_59' title='bbox 233 1155 330 1223; x_wconf 89' lang='lat' dir='ltr'><strong>sente,</strong></span> <span class='ocrx_word' id='word_1_60' title='bbox 353 1148 480 1211; x_wconf 87' lang='lat' dir='ltr'><strong>intueris</strong></span> <span class='ocrx_word' id='word_1_61' title='bbox 494 1152 524 1212; x_wconf 89' lang='lat' dir='ltr'><strong>et</strong></span> <span class='ocrx_word' id='word_1_62' title='bbox 539 1153 636 1212; x_wconf 87' lang='lat' dir='ltr'><strong>tamen</strong></span> <span class='ocrx_word' id='word_1_63' title='bbox 652 1161 711 1211; x_wconf 89' lang='lat' dir='ltr'><strong>non</strong></span> <span class='ocrx_word' id='word_1_64' title='bbox 725 1146 819 1220; x_wconf 89' lang='lat' dir='ltr'><strong>vides,</strong></span> <span class='ocrx_word' id='word_1_65' title='bbox 835 1145 920 1209; x_wconf 91' lang='lat' dir='ltr'><strong>audis</strong></span> <span class='ocrx_word' id='word_1_66' title='bbox 933 1154 963 1212; x_wconf 92' lang='lat' dir='ltr'><strong>et</strong></span> <span class='ocrx_word' id='word_1_67' title='bbox 977 1153 1076 1211; x_wconf 88' lang='lat' dir='ltr'><strong>tamen</strong></span> <span class='ocrx_word' id='word_1_68' title='bbox 1091 1162 1151 1211; x_wconf 94' lang='lat' dir='ltr'><strong>non</strong></span> <span class='ocrx_word' id='word_1_69' title='bbox 1165 1146 1304 1226; x_wconf 87' lang='lat' dir='ltr'><strong>percipis,</strong></span> <span class='ocrx_word' id='word_1_70' title='bbox 1329 1148 1460 1211; x_wconf 89' lang='lat' dir='ltr'><strong>comedis</strong></span> <span class='ocrx_word' id='word_1_71' title='bbox 1473 1152 1504 1210; x_wconf 91' lang='lat' dir='ltr'><strong>et</strong></span> 
     </span>
     <span class='ocr_line' id='line_1_8' title="bbox 233 1256 1503 1343; baseline 0.001 -19"><span class='ocrx_word' id='word_1_72' title='bbox 233 1269 408 1325; x_wconf 84' lang='lat' dir='ltr'><strong>tamennon</strong></span> <span class='ocrx_word' id='word_1_73' title='bbox 423 1261 568 1325; x_wconf 80' lang='lat' dir='ltr'><strong>discernis</strong></span> <span class='ocrx_word' id='word_1_74' title='bbox 584 1263 626 1326; x_wconf 90' lang='lat' dir='ltr'><strong>rei</strong></span> <span class='ocrx_word' id='word_1_75' title='bbox 640 1275 776 1341; x_wconf 90' lang='lat' dir='ltr'><strong>saporem</strong></span> <span class='ocrx_word' id='word_1_76' title='bbox 793 1256 848 1343; x_wconf 86' lang='lat'>(3).</span> <span class='ocrx_word' id='word_1_77' title='bbox 867 1259 930 1324; x_wconf 88' lang='lat' dir='ltr'><strong>Hoc</strong></span> <span class='ocrx_word' id='word_1_78' title='bbox 943 1266 989 1326; x_wconf 89' lang='lat' dir='ltr'><strong>est</strong></span> <span class='ocrx_word' id='word_1_79' title='bbox 1003 1261 1080 1340; x_wconf 84' lang='lat' dir='ltr'><strong>qood</strong></span> <span class='ocrx_word' id='word_1_80' title='bbox 1094 1260 1213 1337; x_wconf 86' lang='lat' dir='ltr'><strong>dieitur,</strong></span> <span class='ocrx_word' id='word_1_81' title='bbox 1230 1266 1310 1324; x_wconf 89' lang='lat' dir='ltr'><strong>reete</strong></span> <span class='ocrx_word' id='word_1_82' title='bbox 1324 1276 1503 1340; x_wconf 86' lang='lat' dir='ltr'><strong>componere</strong></span> 
     </span>
     <span class='ocr_line' id='line_1_9' title="bbox 232 1372 1253 1456; baseline 0 -19"><span class='ocrx_word' id='word_1_83' title='bbox 232 1390 320 1438; x_wconf 90' lang='lat' dir='ltr'><strong>suam</strong></span> <span class='ocrx_word' id='word_1_84' title='bbox 335 1390 506 1453; x_wconf 89' lang='lat' dir='ltr'><strong>personam,</strong></span> <span class='ocrx_word' id='word_1_85' title='bbox 523 1375 685 1440; x_wconf 85' lang='lat' dir='ltr'><strong>consistere</strong></span> <span class='ocrx_word' id='word_1_86' title='bbox 699 1373 728 1438; x_wconf 91' lang='lat' dir='ltr'><strong>in</strong></span> <span class='ocrx_word' id='word_1_87' title='bbox 745 1372 922 1456; x_wconf 77' lang='lat' dir='ltr'><strong>corrigendo</strong></span> <span class='ocrx_word' id='word_1_88' title='bbox 936 1373 1088 1453; x_wconf 92' lang='lat' dir='ltr'><strong>proprium</strong></span> <span class='ocrx_word' id='word_1_89' title='bbox 1104 1389 1167 1438; x_wconf 88' lang='lat' dir='ltr'><strong>ror.</strong></span> <span class='ocrx_word' id='word_1_90' title='bbox 1251 1434 1253 1437; x_wconf 83' lang='grc'><em>,</em></span> 
     </span>
    </p>

    <p class='ocr_par' dir='ltr' id='par_1_3' title="bbox 230 1485 1503 2590">
     <span class='ocr_line' id='line_1_10' title="bbox 275 1485 1503 1568; baseline -0.001 -16"><span class='ocrx_word' id='word_1_91' title='bbox 275 1488 306 1552; x_wconf 91' lang='lat'><strong>8.</strong></span> <span class='ocrx_word' id='word_1_92' title='bbox 329 1486 411 1560; x_wconf 83' lang='lat' dir='ltr'><strong>Quod</strong></span> <span class='ocrx_word' id='word_1_93' title='bbox 420 1487 539 1564; x_wconf 89' lang='lat' dir='ltr'><strong>dicitur,</strong></span> <span class='ocrx_word' id='word_1_94' title='bbox 553 1487 689 1551; x_wconf 90' lang='lat' dir='ltr'><strong>ordinare</strong></span> <span class='ocrx_word' id='word_1_95' title='bbox 699 1503 783 1550; x_wconf 85' lang='lat' dir='ltr'><strong>suam</strong></span> <span class='ocrx_word' id='word_1_96' title='bbox 793 1486 935 1550; x_wconf 82' lang='lat' dir='ltr'><strong>familiam</strong></span> <span class='ocrx_word' id='word_1_97' title='bbox 943 1488 1105 1551; x_wconf 88' lang='lat' dir='ltr'><strong>consistere</strong></span> <span class='ocrx_word' id='word_1_98' title='bbox 1112 1487 1143 1551; x_wconf 91' lang='lat' dir='ltr'><strong>in</strong></span> <span class='ocrx_word' id='word_1_99' title='bbox 1154 1485 1366 1567; x_wconf 86' lang='lat' dir='ltr'><strong>compositione</strong></span> <span class='ocrx_word' id='word_1_100' title='bbox 1375 1488 1503 1568; x_wconf 82' lang='lat' dir='ltr'><strong>propriae</strong></span> 
     </span>
     <span class='ocr_line' id='line_1_11' title="bbox 232 1599 1503 1682; baseline 0.002 -19"><span class='ocrx_word' id='word_1_101' title='bbox 232 1616 379 1681; x_wconf 77' lang='lat' dir='ltr'><strong>persone,</strong></span> <span class='ocrx_word' id='word_1_102' title='bbox 406 1616 514 1680; x_wconf 84' lang='lat' dir='ltr'><strong>nempe</strong></span> <span class='ocrx_word' id='word_1_103' title='bbox 537 1600 674 1665; x_wconf 85' lang='lat' dir='ltr'><strong>homines</strong></span> <span class='ocrx_word' id='word_1_104' title='bbox 697 1600 793 1681; x_wconf 87' lang='lat' dir='ltr'><strong>quoad</strong></span> <span class='ocrx_word' id='word_1_105' title='bbox 817 1599 882 1679; x_wconf 77' lang='lat' dir='ltr'><strong>eJus</strong></span> <span class='ocrx_word' id='word_1_106' title='bbox 905 1600 983 1678; x_wconf 80' lang='lat' dir='ltr'><strong>qood</strong></span> <span class='ocrx_word' id='word_1_107' title='bbox 1008 1608 1110 1663; x_wconf 87' lang='lat' dir='ltr'><strong>amant</strong></span> <span class='ocrx_word' id='word_1_108' title='bbox 1125 1607 1156 1664; x_wconf 88' lang='lat' dir='ltr'><strong>et</strong></span> <span class='ocrx_word' id='word_1_109' title='bbox 1169 1601 1308 1682; x_wconf 80' lang='lat' dir='ltr'><strong>diligunt,</strong></span> <span class='ocrx_word' id='word_1_110' title='bbox 1336 1607 1406 1664; x_wconf 89' lang='lat' dir='ltr'><strong>sunt</strong></span> <span class='ocrx_word' id='word_1_111' title='bbox 1430 1616 1503 1666; x_wconf 89' lang='lat' dir='ltr'><strong>vero</strong></span> 
     </span>
     <span class='ocr_line' id='line_1_12' title="bbox 231 1709 1502 1796; baseline 0.001 -19"><span class='ocrx_word' id='word_1_112' title='bbox 231 1714 393 1778; x_wconf 78' lang='lat' dir='ltr'><strong>inordinati</strong></span> <span class='ocrx_word' id='word_1_113' title='bbox 410 1709 473 1796; x_wconf 82' lang='grc'>(4);</span> <span class='ocrx_word' id='word_1_114' title='bbox 489 1714 587 1793; x_wconf 85' lang='lat' dir='ltr'><strong>quoad</strong></span> <span class='ocrx_word' id='word_1_115' title='bbox 600 1713 665 1792; x_wconf 77' lang='lat' dir='ltr'><strong>eius</strong></span> <span class='ocrx_word' id='word_1_116' title='bbox 678 1714 757 1792; x_wconf 85' lang='lat' dir='ltr'><strong>quod</strong></span> <span class='ocrx_word' id='word_1_117' title='bbox 771 1712 937 1779; x_wconf 83' lang='lat' dir='ltr'><strong>viliiaoiunt</strong></span> <span class='ocrx_word' id='word_1_118' title='bbox 949 1720 980 1777; x_wconf 88' lang='lat' dir='ltr'><strong>et</strong></span> <span class='ocrx_word' id='word_1_119' title='bbox 993 1719 1181 1788; x_wconf 88' lang='lat' dir='ltr'><strong>aversantur,</strong></span> <span class='ocrx_word' id='word_1_120' title='bbox 1205 1720 1276 1776; x_wconf 91' lang='lat' dir='ltr'><strong>sont</strong></span> <span class='ocrx_word' id='word_1_121' title='bbox 1297 1730 1369 1778; x_wconf 88' lang='lat' dir='ltr'><strong>vero</strong></span> <span class='ocrx_word' id='word_1_122' title='bbox 1391 1714 1502 1779; x_wconf 90' lang='lat' dir='ltr'><strong>inordi-</strong></span> 
     </span>
     <span class='ocr_line' id='line_1_13' title="bbox 232 1827 1502 1908; baseline 0.002 -18"><span class='ocrx_word' id='word_1_123' title='bbox 232 1828 317 1903; x_wconf 89' lang='lat' dir='ltr'><strong>nati;</strong></span> <span class='ocrx_word' id='word_1_124' title='bbox 340 1828 438 1906; x_wconf 85' lang='lat' dir='ltr'><strong>quoad</strong></span> <span class='ocrx_word' id='word_1_125' title='bbox 453 1827 519 1907; x_wconf 82' lang='lat' dir='ltr'><strong>ejus</strong></span> <span class='ocrx_word' id='word_1_126' title='bbox 532 1828 611 1907; x_wconf 84' lang='lat' dir='ltr'><strong>quod</strong></span> <span class='ocrx_word' id='word_1_127' title='bbox 626 1833 769 1891; x_wconf 82' lang='lat' dir='ltr'><strong>verentur</strong></span> <span class='ocrx_word' id='word_1_128' title='bbox 781 1832 812 1892; x_wconf 89' lang='lat' dir='ltr'><strong>et</strong></span> <span class='ocrx_word' id='word_1_129' title='bbox 827 1832 1013 1902; x_wconf 88' lang='lat' dir='ltr'><strong>reverentur,</strong></span> <span class='ocrx_word' id='word_1_130' title='bbox 1029 1834 1099 1893; x_wconf 90' lang='lat' dir='ltr'><strong>sunt</strong></span> <span class='ocrx_word' id='word_1_131' title='bbox 1113 1843 1185 1891; x_wconf 88' lang='lat' dir='ltr'><strong>vero</strong></span> <span class='ocrx_word' id='word_1_132' title='bbox 1198 1827 1357 1892; x_wconf 88' lang='lat' dir='ltr'><strong>inordinati</strong></span> <span class='ocrx_word' id='word_1_133' title='bbox 1370 1844 1379 1905; x_wconf 92' lang='grc'><strong>;</strong></span> <span class='ocrx_word' id='word_1_134' title='bbox 1403 1827 1502 1908; x_wconf 89' lang='lat' dir='ltr'><strong>quoad</strong></span> 
     </span>
     <span class='ocr_line' id='line_1_14' title="bbox 232 1939 1502 2021; baseline 0.001 -18"><span class='ocrx_word' id='word_1_135' title='bbox 232 1939 298 2020; x_wconf 79' lang='lat' dir='ltr'><strong>ep’us</strong></span> <span class='ocrx_word' id='word_1_136' title='bbox 311 1941 391 2021; x_wconf 83' lang='lat' dir='ltr'><strong>quod</strong></span> <span class='ocrx_word' id='word_1_137' title='bbox 405 1940 585 2006; x_wconf 88' lang='lat' dir='ltr'><strong>miserentur</strong></span> <span class='ocrx_word' id='word_1_138' title='bbox 594 1946 625 2005; x_wconf 89' lang='lat' dir='ltr'><strong>et</strong></span> <span class='ocrx_word' id='word_1_139' title='bbox 635 1941 867 2019; x_wconf 87' lang='lat' dir='ltr'><strong>compatiuntur,</strong></span> <span class='ocrx_word' id='word_1_140' title='bbox 881 1945 951 2002; x_wconf 90' lang='lat' dir='ltr'><strong>sunt</strong></span> <span class='ocrx_word' id='word_1_141' title='bbox 962 1956 1032 2004; x_wconf 85' lang='lat' dir='ltr'><strong>nero</strong></span> <span class='ocrx_word' id='word_1_142' title='bbox 1042 1940 1202 2004; x_wconf 87' lang='lat' dir='ltr'><strong>inordinati</strong></span> <span class='ocrx_word' id='word_1_143' title='bbox 1216 1959 1224 2002; x_wconf 91' lang='lat'><strong>:</strong></span> <span class='ocrx_word' id='word_1_144' title='bbox 1238 1940 1334 2020; x_wconf 88' lang='lat' dir='ltr'><strong>quoad</strong></span> <span class='ocrx_word' id='word_1_145' title='bbox 1346 1941 1411 2020; x_wconf 84' lang='lat' dir='ltr'><strong>ejus</strong></span> <span class='ocrx_word' id='word_1_146' title='bbox 1421 1941 1502 2020; x_wconf 85' lang='lat' dir='ltr'><strong>quod</strong></span> 
     </span>
     <span class='ocr_line' id='line_1_15' title="bbox 232 2052 1501 2137; baseline 0.001 -20"><span class='ocrx_word' id='word_1_147' title='bbox 232 2053 403 2137; x_wconf 75' lang='lat' dir='ltr'><strong>gloriantur</strong></span> <span class='ocrx_word' id='word_1_148' title='bbox 415 2061 468 2117; x_wconf 91' lang='lat' dir='ltr'><strong>aut</strong></span> <span class='ocrx_word' id='word_1_149' title='bbox 482 2053 647 2131; x_wconf 78' lang='lat' dir='ltr'><strong>fastidiunt,</strong></span> <span class='ocrx_word' id='word_1_150' title='bbox 664 2060 735 2117; x_wconf 90' lang='lat' dir='ltr'><strong>sunt</strong></span> <span class='ocrx_word' id='word_1_151' title='bbox 747 2068 819 2116; x_wconf 90' lang='lat' dir='ltr'><strong>vero</strong></span> <span class='ocrx_word' id='word_1_152' title='bbox 833 2052 1004 2118; x_wconf 88' lang='lat' dir='ltr'><strong>inordinati.</strong></span> <span class='ocrx_word' id='word_1_153' title='bbox 1038 2053 1107 2117; x_wconf 90' lang='lat' dir='ltr'><strong>Ideo</strong></span> <span class='ocrx_word' id='word_1_154' title='bbox 1121 2060 1267 2130; x_wconf 87' lang='lat' dir='ltr'><strong>amantes,</strong></span> <span class='ocrx_word' id='word_1_155' title='bbox 1284 2059 1315 2118; x_wconf 88' lang='lat' dir='ltr'><strong>et</strong></span> <span class='ocrx_word' id='word_1_156' title='bbox 1329 2059 1429 2118; x_wconf 83' lang='lat' dir='ltr'><strong>tamen</strong></span> <span class='ocrx_word' id='word_1_157' title='bbox 1443 2055 1501 2118; x_wconf 88' lang='lat' dir='ltr'><strong>sci·</strong></span> 
     </span>
     <span class='ocr_line' id='line_1_16' title="bbox 231 2165 1499 2246; baseline -0.001 -15"><span class='ocrx_word' id='word_1_158' title='bbox 231 2173 315 2232; x_wconf 90' lang='lat' dir='ltr'><strong>entes</strong></span> <span class='ocrx_word' id='word_1_159' title='bbox 345 2167 479 2231; x_wconf 83' lang='lat' dir='ltr'><strong>hominis</strong></span> <span class='ocrx_word' id='word_1_160' title='bbox 492 2167 635 2244; x_wconf 83' lang='lat' dir='ltr'><strong>defectus,</strong></span> <span class='ocrx_word' id='word_1_161' title='bbox 651 2171 823 2230; x_wconf 86' lang='lat' dir='ltr'><strong>aversantes</strong></span> <span class='ocrx_word' id='word_1_162' title='bbox 837 2172 980 2229; x_wconf 87' lang='lat' dir='ltr'><strong>ettamen</strong></span> <span class='ocrx_word' id='word_1_163' title='bbox 996 2167 1123 2231; x_wconf 84' lang='lat' dir='ltr'><strong>scientes</strong></span> <span class='ocrx_word' id='word_1_164' title='bbox 1137 2165 1267 2231; x_wconf 87' lang='lat' dir='ltr'><strong>hominis</strong></span> <span class='ocrx_word' id='word_1_165' title='bbox 1289 2167 1499 2246; x_wconf 76' lang='lat' dir='ltr'><strong>perfectiones,</strong></span> 
     </span>
     <span class='ocr_line' id='line_1_17' title="bbox 232 2276 1501 2364; baseline -0.001 -19"><span class='ocrx_word' id='word_1_166' title='bbox 232 2282 339 2345; x_wconf 83' lang='lat' dir='ltr'><strong>coeium</strong></span> <span class='ocrx_word' id='word_1_167' title='bbox 353 2280 434 2345; x_wconf 84' lang='lat' dir='ltr'><strong>inira</strong></span> <span class='ocrx_word' id='word_1_168' title='bbox 451 2279 512 2344; x_wconf 86' lang='lat' dir='ltr'><strong>rari</strong></span> <span class='ocrx_word' id='word_1_169' title='bbox 526 2282 644 2362; x_wconf 91' lang='lat' dir='ltr'><strong>quidem</strong></span> <span class='ocrx_word' id='word_1_170' title='bbox 660 2276 715 2364; x_wconf 86' lang='grc'>(5).</span> <span class='ocrx_word' id='word_1_171' title='bbox 738 2280 807 2344; x_wconf 92' lang='lat' dir='ltr'><strong>Ideo</strong></span> <span class='ocrx_word' id='word_1_172' title='bbox 823 2279 1013 2361; x_wconf 85' lang='lat' dir='ltr'><strong>proverbium</strong></span> <span class='ocrx_word' id='word_1_173' title='bbox 1037 2279 1175 2357; x_wconf 85' lang='lat' dir='ltr'><strong>habetur,</strong></span> <span class='ocrx_word' id='word_1_174' title='bbox 1202 2280 1303 2344; x_wconf 87' lang='lat' dir='ltr'><strong>dicens</strong></span> <span class='ocrx_word' id='word_1_175' title='bbox 1319 2300 1327 2344; x_wconf 79' lang='lat' dir='ltr'><em>z</em></span> <span class='ocrx_word' id='word_1_176' title='bbox 1343 2281 1501 2345; x_wconf 85' lang='lat' dir='ltr'><strong>hominum</strong></span> 
     </span>
     <span class='ocr_line' id='line_1_18' title="bbox 230 2392 1502 2477; baseline 0.002 -20"><span class='ocrx_word' id='word_1_177' title='bbox 230 2410 317 2458; x_wconf 91' lang='lat' dir='ltr'><strong>nemo</strong></span> <span class='ocrx_word' id='word_1_178' title='bbox 331 2394 390 2459; x_wconf 89' lang='lat' dir='ltr'><strong>scit</strong></span> <span class='ocrx_word' id='word_1_179' title='bbox 404 2393 452 2457; x_wconf 90' lang='lat' dir='ltr'><strong>sui</strong></span> <span class='ocrx_word' id='word_1_180' title='bbox 467 2394 520 2456; x_wconf 86' lang='lat' dir='ltr'><strong>filii</strong></span> <span class='ocrx_word' id='word_1_181' title='bbox 534 2394 676 2470; x_wconf 84' lang='lat' dir='ltr'><strong>detectus,</strong></span> <span class='ocrx_word' id='word_1_182' title='bbox 692 2409 781 2457; x_wconf 90' lang='lat' dir='ltr'><strong>nemo</strong></span> <span class='ocrx_word' id='word_1_183' title='bbox 795 2392 932 2477; x_wconf 75' lang='lat' dir='ltr'><strong>agnoseit</strong></span> <span class='ocrx_word' id='word_1_184' title='bbox 945 2409 1006 2456; x_wconf 87' lang='lat' dir='ltr'><strong>suae</strong></span> <span class='ocrx_word' id='word_1_185' title='bbox 1020 2394 1132 2476; x_wconf 75' lang='lat' dir='ltr'><strong>segetis</strong></span> <span class='ocrx_word' id='word_1_186' title='bbox 1147 2393 1369 2456; x_wconf 84' lang='lat' dir='ltr'><strong>abundantiam.</strong></span> <span class='ocrx_word' id='word_1_187' title='bbox 1392 2396 1429 2457; x_wconf 85' lang='lat' dir='ltr'><strong>Et</strong></span> <span class='ocrx_word' id='word_1_188' title='bbox 1442 2394 1502 2460; x_wconf 84' lang='lat' dir='ltr'><strong>hoc</strong></span> 
     </span>
     <span class='ocr_line' id='line_1_19' title="bbox 230 2505 1404 2590; baseline 0.002 -20"><span class='ocrx_word' id='word_1_189' title='bbox 230 2507 349 2586; x_wconf 87' lang='lat' dir='ltr'><strong>dicitur,</strong></span> <span class='ocrx_word' id='word_1_190' title='bbox 367 2508 469 2588; x_wconf 88' lang='lat' dir='ltr'><strong>seipso</strong></span> <span class='ocrx_word' id='word_1_191' title='bbox 483 2508 614 2572; x_wconf 89' lang='lat' dir='ltr'><strong>nondum</strong></span> <span class='ocrx_word' id='word_1_192' title='bbox 628 2506 771 2588; x_wconf 80' lang='lat' dir='ltr'><strong>perfecto,</strong></span> <span class='ocrx_word' id='word_1_193' title='bbox 786 2521 842 2570; x_wconf 90' lang='lat' dir='ltr'><strong>nec</strong></span> <span class='ocrx_word' id='word_1_194' title='bbox 857 2505 919 2571; x_wconf 85' lang='lat' dir='ltr'><strong>fieri</strong></span> <span class='ocrx_word' id='word_1_195' title='bbox 933 2512 967 2571; x_wconf 91' lang='lat' dir='ltr'><strong>ut</strong></span> <span class='ocrx_word' id='word_1_196' title='bbox 980 2507 1133 2575; x_wconf 86' lang='lat' dir='ltr'><strong>ordinetur</strong></span> <span class='ocrx_word' id='word_1_197' title='bbox 1146 2506 1266 2590; x_wconf 86' lang='lat' dir='ltr'><strong>propria</strong></span> <span class='ocrx_word' id='word_1_198' title='bbox 1280 2505 1404 2573; x_wconf 81' lang='lat' dir='ltr'><strong>familia.</strong></span> 
     </span>
    </p>
   </div>
   <div class='ocr_carea' id='block_1_3' title="bbox 270 2965 1499 3297">
    <p class='ocr_par' dir='ltr' id='par_1_4' title="bbox 270 2965 1499 3297">
     <span class='ocr_line' id='line_1_20' title="bbox 270 2965 663 3069; baseline -0.003 -16"><span class='ocrx_word' id='word_1_199' title='bbox 270 2983 318 3063; x_wconf 88' lang='grc'><strong>(1)</strong></span> <span class='ocrx_word' id='word_1_200' title='bbox 340 2965 381 3053; x_wconf 50' lang='grc' dir='ltr'><em>ἃ</em></span> <span class='ocrx_word' id='word_1_201' title='bbox 396 2991 596 3069; x_wconf 80' lang='lat' dir='ltr'><strong>corrigendum</strong></span> <span class='ocrx_word' id='word_1_202' title='bbox 613 2967 663 3055; x_wconf 58' lang='grc' dir='ltr'><strong>ὖ.</strong></span> 
     </span>
     <span class='ocr_line' id='line_1_21' title="bbox 270 3082 851 3183; baseline -0.003 -17"><span class='ocrx_word' id='word_1_203' title='bbox 270 3099 316 3176; x_wconf 80' lang='lat'><strong>(2)</strong></span> <span class='ocrx_word' id='word_1_204' title='bbox 338 3082 412 3180; x_wconf 58' lang='lat' dir='ltr'><strong>ff,</strong></span> <span class='ocrx_word' id='word_1_205' title='bbox 431 3082 482 3168; x_wconf 49' lang='lat' dir='ltr'><strong>Q,</strong></span> <span class='ocrx_word' id='word_1_206' title='bbox 494 3149 502 3177; x_wconf 90' lang='lat'><strong>,</strong></span> <span class='ocrx_word' id='word_1_207' title='bbox 515 3103 581 3176; x_wconf 79' lang='lat' dir='ltr'><strong>hoo,</strong></span> <span class='ocrx_word' id='word_1_208' title='bbox 596 3125 660 3183; x_wconf 80' lang='lat' dir='ltr'><strong>yae,</strong></span> <span class='ocrx_word' id='word_1_209' title='bbox 676 3106 761 3164; x_wconf 87' lang='lat' dir='ltr'><strong>tertio</strong></span> <span class='ocrx_word' id='word_1_210' title='bbox 774 3113 851 3164; x_wconf 87' lang='lat' dir='ltr'><strong>tono.</strong></span> 
     </span>
     <span class='ocr_line' id='line_1_22' title="bbox 272 3194 1499 3297; baseline -0.001 -15"><span class='ocrx_word' id='word_1_211' title='bbox 272 3218 317 3287; x_wconf 80' lang='grc'><strong>(3)</strong></span> <span class='ocrx_word' id='word_1_212' title='bbox 339 3219 398 3280; x_wconf 87' lang='lat' dir='ltr'><strong>Gor</strong></span> <span class='ocrx_word' id='word_1_213' title='bbox 420 3237 480 3277; x_wconf 90' lang='lat' dir='ltr'><strong>non</strong></span> <span class='ocrx_word' id='word_1_214' title='bbox 502 3226 610 3278; x_wconf 86' lang='lat' dir='ltr'><strong>rectum</strong></span> <span class='ocrx_word' id='word_1_215' title='bbox 623 3218 653 3277; x_wconf 87' lang='lat' dir='ltr'><strong>fit</strong></span> <span class='ocrx_word' id='word_1_216' title='bbox 666 3219 777 3292; x_wconf 74' lang='lat' dir='ltr'><strong>absens,</strong></span> <span class='ocrx_word' id='word_1_217' title='bbox 791 3227 820 3278; x_wconf 87' lang='lat' dir='ltr'><strong>et</strong></span> <span class='ocrx_word' id='word_1_218' title='bbox 833 3219 874 3278; x_wconf 85' lang='lat' dir='ltr'><strong>sie</strong></span> <span class='ocrx_word' id='word_1_219' title='bbox 887 3218 1058 3296; x_wconf 77' lang='lat' dir='ltr'><strong>impossssrile</strong></span> <span class='ocrx_word' id='word_1_220' title='bbox 1080 3220 1134 3278; x_wconf 86' lang='lat' dir='ltr'><strong>erit</strong></span> <span class='ocrx_word' id='word_1_221' title='bbox 1146 3239 1177 3278; x_wconf 86' lang='lat' dir='ltr'><strong>se</strong></span> <span class='ocrx_word' id='word_1_222' title='bbox 1191 3238 1368 3297; x_wconf 82' lang='lat' dir='ltr'><strong>componere.</strong></span> <span class='ocrx_word' id='word_1_223' title='bbox 1391 3194 1432 3282; x_wconf 58' lang='grc' dir='ltr'><strong>ἦ</strong></span> <span class='ocrx_word' id='word_1_224' title='bbox 1452 3230 1499 3282; x_wconf 82' lang='lat' dir='ltr'><strong>est</strong></span> 
     </span>
    </p>
   </div>
   <div class='ocr_carea' id='block_1_4' title="bbox 227 3306 1500 3636">
    <p class='ocr_par' dir='ltr' id='par_1_5' title="bbox 227 3306 1500 3636">
     <span class='ocr_line' id='line_1_23' title="bbox 227 3306 1500 3410; baseline 0.002 -18"><span class='ocrx_word' id='word_1_225' title='bbox 227 3331 329 3392; x_wconf 86' lang='lat' dir='ltr'><strong>littera</strong></span> <span class='ocrx_word' id='word_1_226' title='bbox 342 3331 450 3409; x_wconf 79' lang='lat' dir='ltr'><strong>finalis3</strong></span> <span class='ocrx_word' id='word_1_227' title='bbox 464 3331 562 3405; x_wconf 83' lang='lat' dir='ltr'><strong>quaesi</strong></span> <span class='ocrx_word' id='word_1_228' title='bbox 575 3332 726 3410; x_wconf 85' lang='lat' dir='ltr'><strong>praecedat,</strong></span> <span class='ocrx_word' id='word_1_229' title='bbox 749 3335 906 3409; x_wconf 77' lang='lat' dir='ltr'><strong>interroget</strong></span> <span class='ocrx_word' id='word_1_230' title='bbox 919 3339 949 3392; x_wconf 87' lang='lat' dir='ltr'><strong>et</strong></span> <span class='ocrx_word' id='word_1_231' title='bbox 962 3331 1102 3410; x_wconf 79' lang='lat' dir='ltr'><strong>significet</strong></span> <span class='ocrx_word' id='word_1_232' title='bbox 1124 3332 1287 3409; x_wconf 69' lang='lat' dir='ltr'><strong>quomodo?</strong></span> <span class='ocrx_word' id='word_1_233' title='bbox 1303 3306 1343 3393; x_wconf 53' lang='grc' dir='ltr'><strong>ᾗ</strong></span> <span class='ocrx_word' id='word_1_234' title='bbox 1360 3306 1411 3405; x_wconf 53' lang='grc' dir='ltr'><strong>Ἠ,</strong></span> <span class='ocrx_word' id='word_1_235' title='bbox 1426 3352 1500 3410; x_wconf 88' lang='lat' dir='ltr'><strong>quo·</strong></span> 
     </span>
     <span class='ocr_line' id='line_1_24' title="bbox 228 3419 1499 3522; baseline 0.002 -18"><span class='ocrx_word' id='word_1_236' title='bbox 228 3446 320 3506; x_wconf 89' lang='lat' dir='ltr'><strong>modo</strong></span> <span class='ocrx_word' id='word_1_237' title='bbox 333 3446 395 3517; x_wconf 85' lang='lat' dir='ltr'><strong>seis,</strong></span> <span class='ocrx_word' id='word_1_238' title='bbox 410 3421 450 3505; x_wconf 46' lang='grc' dir='ltr'>ἦ</span> <span class='ocrx_word' id='word_1_239' title='bbox 468 3420 508 3506; x_wconf 54' lang='grc' dir='ltr'><strong>ἦ</strong></span> <span class='ocrx_word' id='word_1_240' title='bbox 527 3419 566 3503; x_wconf 59' lang='grc' dir='ltr'><strong>(ἕ</strong></span> <span class='ocrx_word' id='word_1_241' title='bbox 583 3421 625 3503; x_wconf 61' lang='lat' dir='ltr'>ffi</span> <span class='ocrx_word' id='word_1_242' title='bbox 640 3419 691 3516; x_wconf 58' lang='grc' dir='ltr'><strong>(ἦ,</strong></span> <span class='ocrx_word' id='word_1_243' title='bbox 705 3447 729 3506; x_wconf 85' lang='lat' dir='ltr'><strong>is</strong></span> <span class='ocrx_word' id='word_1_244' title='bbox 741 3445 877 3522; x_wconf 89' lang='lat' dir='ltr'><strong>quomodo</strong></span> <span class='ocrx_word' id='word_1_245' title='bbox 890 3444 1008 3505; x_wconf 82' lang='lat' dir='ltr'><strong>haberet</strong></span> <span class='ocrx_word' id='word_1_246' title='bbox 1021 3447 1067 3505; x_wconf 86' lang='lat' dir='ltr'><strong>eui</strong></span> <span class='ocrx_word' id='word_1_247' title='bbox 1081 3445 1261 3507; x_wconf 61' lang='lat' dir='ltr'><strong>adhaereret?</strong></span> <span class='ocrx_word' id='word_1_248' title='bbox 1286 3442 1359 3505; x_wconf 84' lang='lat' dir='ltr'><strong>Cum</strong></span> <span class='ocrx_word' id='word_1_249' title='bbox 1372 3465 1438 3506; x_wconf 82' lang='lat' dir='ltr'><strong>nero</strong></span> <span class='ocrx_word' id='word_1_250' title='bbox 1452 3448 1499 3506; x_wconf 85' lang='lat' dir='ltr'><strong>in·</strong></span> 
     </span>
     <span class='ocr_line' id='line_1_25' title="bbox 227 3556 1205 3636; baseline -0.002 -17"><span class='ocrx_word' id='word_1_251' title='bbox 227 3566 370 3636; x_wconf 74' lang='lat' dir='ltr'><strong>terrogat,</strong></span> <span class='ocrx_word' id='word_1_252' title='bbox 384 3566 452 3617; x_wconf 87' lang='lat' dir='ltr'><strong>tuno</strong></span> <span class='ocrx_word' id='word_1_253' title='bbox 465 3556 538 3617; x_wconf 83' lang='lat' dir='ltr'><strong>colet</strong></span> <span class='ocrx_word' id='word_1_254' title='bbox 552 3578 570 3617; x_wconf 76' lang='lat' dir='ltr'><strong>a</strong></span> <span class='ocrx_word' id='word_1_255' title='bbox 584 3559 660 3620; x_wconf 81' lang='lat' dir='ltr'><strong>Sinis</strong></span> <span class='ocrx_word' id='word_1_256' title='bbox 674 3558 776 3618; x_wconf 82' lang='lat' dir='ltr'><strong>circulo</strong></span> <span class='ocrx_word' id='word_1_257' title='bbox 791 3558 827 3617; x_wconf 86' lang='lat' dir='ltr'><strong>ad</strong></span> <span class='ocrx_word' id='word_1_258' title='bbox 840 3558 1051 3619; x_wconf 87' lang='lat' dir='ltr'><strong>distinctionem</strong></span> <span class='ocrx_word' id='word_1_259' title='bbox 1065 3558 1205 3618; x_wconf 75' lang='lat' dir='ltr'><strong>annotari</strong></span> 
     </span>
    </p>
   </div>
   <div class='ocr_carea' id='block_1_5' title="bbox 224 3647 1499 4784">
    <p class='ocr_par' dir='ltr' id='par_1_6' title="bbox 227 3647 1499 4413">
     <span class='ocr_line' id='line_1_26' title="bbox 273 3647 1499 3750; baseline 0.003 -20"><span class='ocrx_word' id='word_1_260' title='bbox 273 3660 321 3743; x_wconf 83' lang='lat'><strong>(4)</strong></span> <span class='ocrx_word' id='word_1_261' title='bbox 340 3669 486 3731; x_wconf 81' lang='lat' dir='ltr'><strong>Particulu</strong></span> <span class='ocrx_word' id='word_1_262' title='bbox 500 3647 551 3743; x_wconf 71' lang='grc' dir='ltr'><strong>Ζ,</strong></span> <span class='ocrx_word' id='word_1_263' title='bbox 564 3681 750 3750; x_wconf 67' lang='lat' dir='ltr'><strong>preterquam</strong></span> <span class='ocrx_word' id='word_1_264' title='bbox 763 3672 840 3748; x_wconf 88' lang='lat' dir='ltr'><strong>quod</strong></span> <span class='ocrx_word' id='word_1_265' title='bbox 852 3671 888 3730; x_wconf 84' lang='lat' dir='ltr'><strong>sit</strong></span> <span class='ocrx_word' id='word_1_266' title='bbox 903 3670 1045 3743; x_wconf 78' lang='lat' dir='ltr'><strong>articulus,</strong></span> <span class='ocrx_word' id='word_1_267' title='bbox 1060 3679 1093 3730; x_wconf 88' lang='lat' dir='ltr'><strong>ut</strong></span> <span class='ocrx_word' id='word_1_268' title='bbox 1105 3669 1208 3749; x_wconf 84' lang='lat' dir='ltr'><strong>pluries</strong></span> <span class='ocrx_word' id='word_1_269' title='bbox 1225 3678 1360 3731; x_wconf 81' lang='lat' dir='ltr'><strong>notatum</strong></span> <span class='ocrx_word' id='word_1_270' title='bbox 1373 3671 1437 3744; x_wconf 81' lang='lat' dir='ltr'><strong>fuit,</strong></span> <span class='ocrx_word' id='word_1_271' title='bbox 1451 3682 1499 3734; x_wconf 82' lang='lat' dir='ltr'><strong>est</strong></span> 
     </span>
     <span class='ocr_line' id='line_1_27' title="bbox 230 3783 1498 3864; baseline 0.001 -19"><span class='ocrx_word' id='word_1_272' title='bbox 230 3787 267 3845; x_wconf 66' lang='lat'><strong>12</strong></span> <span class='ocrx_word' id='word_1_273' title='bbox 287 3792 358 3844; x_wconf 83' lang='lat' dir='ltr'><strong>nota</strong></span> <span class='ocrx_word' id='word_1_274' title='bbox 370 3784 496 3862; x_wconf 81' lang='lat' dir='ltr'><strong>genitivi,</strong></span> <span class='ocrx_word' id='word_1_275' title='bbox 511 3787 665 3845; x_wconf 76' lang='lat' dir='ltr'><strong>autetiam</strong></span> <span class='ocrx_word' id='word_1_276' title='bbox 679 3785 827 3861; x_wconf 77' lang='lat' dir='ltr'><strong>adjectivi3</strong></span> <span class='ocrx_word' id='word_1_277' title='bbox 841 3786 872 3841; x_wconf 59' lang='lat'><strong>22</strong></span> <span class='ocrx_word' id='word_1_278' title='bbox 886 3803 1050 3863; x_wconf 88' lang='lat' dir='ltr'><strong>pronomen,</strong></span> <span class='ocrx_word' id='word_1_279' title='bbox 1062 3794 1091 3844; x_wconf 82' lang='lat' dir='ltr'><strong>et</strong></span> <span class='ocrx_word' id='word_1_280' title='bbox 1101 3783 1256 3862; x_wconf 84' lang='lat' dir='ltr'><strong>aliquando</strong></span> <span class='ocrx_word' id='word_1_281' title='bbox 1266 3794 1297 3843; x_wconf 87' lang='lat' dir='ltr'><strong>ut</strong></span> <span class='ocrx_word' id='word_1_282' title='bbox 1308 3793 1377 3845; x_wconf 83' lang='lat' dir='ltr'><strong>note</strong></span> <span class='ocrx_word' id='word_1_283' title='bbox 1389 3787 1498 3864; x_wconf 81' lang='lat' dir='ltr'><strong>passivi</strong></span> 
     </span>
     <span class='ocr_line' id='line_1_28' title="bbox 228 3878 1497 3976; baseline 0.001 -18"><span class='ocrx_word' id='word_1_284' title='bbox 228 3897 333 3959; x_wconf 80' lang='lat' dir='ltr'><strong>haberi</strong></span> <span class='ocrx_word' id='word_1_285' title='bbox 344 3904 453 3975; x_wconf 84' lang='lat' dir='ltr'><strong>potest3</strong></span> <span class='ocrx_word' id='word_1_286' title='bbox 471 3901 503 3958; x_wconf 75' lang='lat'><strong>3⁴2</strong></span> <span class='ocrx_word' id='word_1_287' title='bbox 511 3899 636 3972; x_wconf 84' lang='lat' dir='ltr'><strong>verbnm,</strong></span> <span class='ocrx_word' id='word_1_288' title='bbox 645 3906 674 3957; x_wconf 88' lang='lat' dir='ltr'><strong>et</strong></span> <span class='ocrx_word' id='word_1_289' title='bbox 683 3897 757 3958; x_wconf 87' lang='lat' dir='ltr'><strong>idem</strong></span> <span class='ocrx_word' id='word_1_290' title='bbox 765 3918 799 3957; x_wconf 80' lang='lat' dir='ltr'><strong>ae</strong></span> <span class='ocrx_word' id='word_1_291' title='bbox 810 3878 846 3957; x_wconf 61' lang='grc' dir='ltr'>Ξ</span> <span class='ocrx_word' id='word_1_292' title='bbox 858 3900 899 3955; x_wconf 85' lang='lat' dir='ltr'><strong>ire</strong></span> <span class='ocrx_word' id='word_1_293' title='bbox 906 3920 917 3957; x_wconf 87' lang='lat'><strong>.·</strong></span> <span class='ocrx_word' id='word_1_294' title='bbox 925 3898 1174 3975; x_wconf 81' lang='lat' dir='ltr'><strong>quaetriopossunt</strong></span> <span class='ocrx_word' id='word_1_295' title='bbox 1182 3898 1269 3957; x_wconf 82' lang='lat' dir='ltr'><strong>etiam</strong></span> <span class='ocrx_word' id='word_1_296' title='bbox 1277 3897 1364 3958; x_wconf 87' lang='lat' dir='ltr'><strong>simol</strong></span> <span class='ocrx_word' id='word_1_297' title='bbox 1371 3900 1497 3976; x_wconf 84' lang='lat' dir='ltr'><strong>reperiri,</strong></span> 
     </span>
     <span class='ocr_line' id='line_1_29' title="bbox 228 3984 1497 4088; baseline 0.003 -18"><span class='ocrx_word' id='word_1_298' title='bbox 228 4032 259 4070; x_wconf 85' lang='lat' dir='ltr'><strong>v.</strong></span> <span class='ocrx_word' id='word_1_299' title='bbox 275 4030 319 4088; x_wconf 82' lang='lat' dir='ltr'><strong>gr.</strong></span> <span class='ocrx_word' id='word_1_300' title='bbox 336 3984 428 4070; x_wconf 63' lang='lat' dir='ltr'><strong>Mi</strong></span> <span class='ocrx_word' id='word_1_301' title='bbox 441 3989 480 4072; x_wconf 62' lang='grc' dir='ltr'><strong>αἶ</strong></span> <span class='ocrx_word' id='word_1_302' title='bbox 495 3988 534 4071; x_wconf 68' lang='lat'>2</span> <span class='ocrx_word' id='word_1_303' title='bbox 549 3990 588 4073; x_wconf 72' lang='grc' dir='ltr'>Ζ</span> <span class='ocrx_word' id='word_1_304' title='bbox 601 3991 642 4072; x_wconf 52' lang='grc' dir='ltr'><strong>ἶ)</strong></span> <span class='ocrx_word' id='word_1_305' title='bbox 659 4010 735 4071; x_wconf 85' lang='lat' dir='ltr'><strong>haud</strong></span> <span class='ocrx_word' id='word_1_306' title='bbox 747 4012 806 4071; x_wconf 82' lang='lat' dir='ltr'><strong>scio</strong></span> <span class='ocrx_word' id='word_1_307' title='bbox 820 4010 907 4070; x_wconf 87' lang='lat' dir='ltr'><strong>eundi</strong></span> <span class='ocrx_word' id='word_1_308' title='bbox 919 4008 985 4069; x_wconf 87' lang='lat' dir='ltr'><strong>illue</strong></span> <span class='ocrx_word' id='word_1_309' title='bbox 1000 4011 1083 4070; x_wconf 82' lang='lat' dir='ltr'><strong>riam.</strong></span> <span class='ocrx_word' id='word_1_310' title='bbox 1105 3989 1218 4072; x_wconf 73' lang='lat' dir='ltr'><strong>Hr02</strong></span> <span class='ocrx_word' id='word_1_311' title='bbox 1235 4018 1279 4071; x_wconf 86' lang='lat' dir='ltr'><strong>est</strong></span> <span class='ocrx_word' id='word_1_312' title='bbox 1292 4011 1373 4087; x_wconf 82' lang='lat' dir='ltr'><strong>quasi</strong></span> <span class='ocrx_word' id='word_1_313' title='bbox 1389 3992 1427 4070; x_wconf 60' lang='grc' dir='ltr'>ἒ</span> <span class='ocrx_word' id='word_1_314' title='bbox 1444 4033 1497 4074; x_wconf 85' lang='lat' dir='ltr'><strong>seu</strong></span> 
     </span>
     <span class='ocr_line' id='line_1_30' title="bbox 230 4099 1497 4203; baseline 0.002 -20"><span class='ocrx_word' id='word_1_315' title='bbox 230 4105 278 4188; x_wconf 54' lang='lat' dir='ltr'><strong>fl</strong></span> <span class='ocrx_word' id='word_1_316' title='bbox 301 4126 400 4200; x_wconf 65' lang='lat' dir='ltr'><strong>pond,</strong></span> <span class='ocrx_word' id='word_1_317' title='bbox 420 4126 451 4184; x_wconf 82' lang='lat' dir='ltr'><strong>in</strong></span> <span class='ocrx_word' id='word_1_318' title='bbox 471 4144 501 4184; x_wconf 82' lang='lat' dir='ltr'><strong>eo</strong></span> <span class='ocrx_word' id='word_1_319' title='bbox 521 4126 595 4203; x_wconf 77' lang='lat' dir='ltr'><strong>quod</strong></span> <span class='ocrx_word' id='word_1_320' title='bbox 618 4125 673 4203; x_wconf 67' lang='lat' dir='ltr'><strong>apsi</strong></span> <span class='ocrx_word' id='word_1_321' title='bbox 693 4137 795 4187; x_wconf 72' lang='lat' dir='ltr'><strong>oomni.</strong></span> <span class='ocrx_word' id='word_1_322' title='bbox 828 4099 975 4185; x_wconf 60' lang='lat' dir='ltr'><strong>dsssonat</strong></span> <span class='ocrx_word' id='word_1_323' title='bbox 995 4099 1054 4189; x_wconf 53' lang='lat' dir='ltr'><strong>ff.</strong></span> <span class='ocrx_word' id='word_1_324' title='bbox 1082 4121 1225 4183; x_wconf 83' lang='lat' dir='ltr'><strong>Particnlu</strong></span> <span class='ocrx_word' id='word_1_325' title='bbox 1247 4125 1426 4185; x_wconf 74' lang='lat' dir='ltr'><strong>adremutiva</strong></span> <span class='ocrx_word' id='word_1_326' title='bbox 1442 4106 1497 4201; x_wconf 60' lang='lat' dir='ltr'><strong>W,</strong></span> 
     </span>
     <span class='ocr_line' id='line_1_31' title="bbox 227 4236 1497 4319; baseline 0.004 -23"><span class='ocrx_word' id='word_1_327' title='bbox 227 4236 319 4319; x_wconf 73' lang='lat' dir='ltr'><strong>plane</strong></span> <span class='ocrx_word' id='word_1_328' title='bbox 327 4245 359 4297; x_wconf 88' lang='lat' dir='ltr'><strong>ut</strong></span> <span class='ocrx_word' id='word_1_329' title='bbox 367 4236 537 4299; x_wconf 79' lang='lat' dir='ltr'><strong>Latinorum</strong></span> <span class='ocrx_word' id='word_1_330' title='bbox 546 4259 618 4312; x_wconf 84' lang='lat' dir='ltr'><strong>vero,</strong></span> <span class='ocrx_word' id='word_1_331' title='bbox 628 4238 719 4298; x_wconf 87' lang='lat' dir='ltr'><strong>hicud</strong></span> <span class='ocrx_word' id='word_1_332' title='bbox 729 4237 902 4318; x_wconf 76' lang='lat' dir='ltr'><strong>expletivum</strong></span> <span class='ocrx_word' id='word_1_333' title='bbox 915 4237 1032 4311; x_wconf 77' lang='lat' dir='ltr'><strong>accedit,</strong></span> <span class='ocrx_word' id='word_1_334' title='bbox 1046 4237 1121 4316; x_wconf 87' lang='lat' dir='ltr'><strong>quod</strong></span> <span class='ocrx_word' id='word_1_335' title='bbox 1133 4245 1176 4298; x_wconf 81' lang='lat' dir='ltr'><strong>eet</strong></span> <span class='ocrx_word' id='word_1_336' title='bbox 1186 4237 1350 4313; x_wconf 84' lang='lat' dir='ltr'><strong>ceteroquin</strong></span> <span class='ocrx_word' id='word_1_337' title='bbox 1362 4236 1497 4316; x_wconf 79' lang='lat' dir='ltr'><strong>frequen-</strong></span> 
     </span>
     <span class='ocr_line' id='line_1_32' title="bbox 227 4352 971 4413; baseline -0.003 0"><span class='ocrx_word' id='word_1_338' title='bbox 227 4352 383 4413; x_wconf 79' lang='lat' dir='ltr'><strong>tissimum.</strong></span> <span class='ocrx_word' id='word_1_339' title='bbox 967 4404 971 4411; x_wconf 80' lang='grc'><em>,</em></span> 
     </span>
    </p>

    <p class='ocr_par' dir='ltr' id='par_1_7' title="bbox 224 4438 1495 4784">
     <span class='ocr_line' id='line_1_33' title="bbox 271 4438 1495 4542; baseline 0.002 -18"><span class='ocrx_word' id='word_1_340' title='bbox 271 4454 319 4536; x_wconf 86' lang='grc'><strong>(5)</strong></span> <span class='ocrx_word' id='word_1_341' title='bbox 342 4441 384 4525; x_wconf 51' lang='grc' dir='ltr'><strong><em>Ε</em></strong></span> <span class='ocrx_word' id='word_1_342' title='bbox 401 4466 498 4526; x_wconf 75' lang='lat' dir='ltr'><strong>Odisse</strong></span> <span class='ocrx_word' id='word_1_343' title='bbox 511 4473 541 4525; x_wconf 89' lang='lat' dir='ltr'><strong>et</strong></span> <span class='ocrx_word' id='word_1_344' title='bbox 555 4438 595 4525; x_wconf 56' lang='lat' dir='ltr'><strong>fl</strong></span> <span class='ocrx_word' id='word_1_345' title='bbox 610 4485 704 4526; x_wconf 80' lang='lat' dir='ltr'><strong>aurare</strong></span> <span class='ocrx_word' id='word_1_346' title='bbox 716 4467 801 4527; x_wconf 86' lang='lat' dir='ltr'><strong>tertio</strong></span> <span class='ocrx_word' id='word_1_347' title='bbox 815 4472 884 4533; x_wconf 88' lang='lat' dir='ltr'><strong>tono</strong></span> <span class='ocrx_word' id='word_1_348' title='bbox 897 4463 1060 4538; x_wconf 81' lang='lat' dir='ltr'><strong>efferuntur,</strong></span> <span class='ocrx_word' id='word_1_349' title='bbox 1075 4442 1227 4542; x_wconf 56' lang='lat' dir='ltr'><strong>fiproffi</strong></span> <span class='ocrx_word' id='word_1_350' title='bbox 1240 4465 1309 4523; x_wconf 88' lang='lat' dir='ltr'><strong>item</strong></span> <span class='ocrx_word' id='word_1_351' title='bbox 1320 4464 1404 4524; x_wconf 86' lang='lat' dir='ltr'><strong>tertio</strong></span> <span class='ocrx_word' id='word_1_352' title='bbox 1413 4472 1495 4542; x_wconf 86' lang='lat' dir='ltr'><strong>tono,</strong></span> 
     </span>
     <span class='ocr_line' id='line_1_34' title="bbox 224 4556 1495 4657; baseline 0 -17"><span class='ocrx_word' id='word_1_353' title='bbox 224 4556 275 4640; x_wconf 52' lang='lat' dir='ltr'>ff</span> <span class='ocrx_word' id='word_1_354' title='bbox 288 4579 412 4639; x_wconf 82' lang='lat' dir='ltr'><strong>secundo</strong></span> <span class='ocrx_word' id='word_1_355' title='bbox 434 4588 522 4657; x_wconf 82' lang='lat' dir='ltr'><strong>ton03</strong></span> <span class='ocrx_word' id='word_1_356' title='bbox 543 4597 607 4655; x_wconf 78' lang='lat' dir='ltr'><strong>quae</strong></span> <span class='ocrx_word' id='word_1_357' title='bbox 627 4580 688 4640; x_wconf 89' lang='lat' dir='ltr'><strong>toni</strong></span> <span class='ocrx_word' id='word_1_358' title='bbox 708 4580 832 4640; x_wconf 82' lang='lat' dir='ltr'><strong>mutatio</strong></span> <span class='ocrx_word' id='word_1_359' title='bbox 844 4578 875 4637; x_wconf 90' lang='lat' dir='ltr'><strong>in</strong></span> <span class='ocrx_word' id='word_1_360' title='bbox 889 4579 951 4656; x_wconf 87' lang='lat' dir='ltr'><strong>ipso</strong></span> <span class='ocrx_word' id='word_1_361' title='bbox 965 4584 1044 4637; x_wconf 81' lang='lat' dir='ltr'><strong>texta</strong></span> <span class='ocrx_word' id='word_1_362' title='bbox 1066 4584 1169 4638; x_wconf 80' lang='lat' dir='ltr'><strong>notata</strong></span> <span class='ocrx_word' id='word_1_363' title='bbox 1190 4576 1366 4657; x_wconf 70' lang='lat' dir='ltr'><strong>conspicitur,</strong></span> <span class='ocrx_word' id='word_1_364' title='bbox 1380 4584 1413 4636; x_wconf 87' lang='lat' dir='ltr'><strong>ut</strong></span> <span class='ocrx_word' id='word_1_365' title='bbox 1428 4577 1495 4655; x_wconf 77' lang='lat' dir='ltr'><strong>jem</strong></span> 
     </span>
     <span class='ocr_line' id='line_1_35' title="bbox 225 4692 738 4784; baseline -0.002 -29"><span class='ocrx_word' id='word_1_366' title='bbox 225 4712 343 4755; x_wconf 74' lang='lat' dir='ltr'><strong>necesse</strong></span> <span class='ocrx_word' id='word_1_367' title='bbox 357 4712 415 4752; x_wconf 86' lang='lat' dir='ltr'><strong>non</strong></span> <span class='ocrx_word' id='word_1_368' title='bbox 429 4694 468 4755; x_wconf 83' lang='lat' dir='ltr'><strong>sit</strong></span> <span class='ocrx_word' id='word_1_369' title='bbox 481 4692 593 4771; x_wconf 78' lang='lat' dir='ltr'><strong>singula</strong></span> <span class='ocrx_word' id='word_1_370' title='bbox 605 4695 738 4784; x_wconf 73' lang='lat' dir='ltr'><strong>perseqm.</strong></span> 
     </span>
    </p>
   </div>
   <div class='ocr_carea' id='block_1_6' title="bbox 0 0 1840 5690">
    <p class='ocr_par' dir='ltr' id='par_1_8' title="bbox 0 0 1840 5690">
     <span class='ocr_line' id='line_1_36' title="bbox 0 0 1840 5690; baseline 0 3"><span class='ocrx_word' id='word_1_371' title='bbox 0 0 1840 5690; x_wconf 95' lang='lat' dir='ltr'><strong> </strong></span> 
     </span>
    </p>
   </div>
  </div>
 </body>
</html>
