<?xml version="1.0" encoding="UTF-8"?>
<!DOCTYPE html PUBLIC "-//W3C//DTD XHTML 1.0 Transitional//EN"
    "http://www.w3.org/TR/xhtml1/DTD/xhtml1-transitional.dtd">
<html xmlns="http://www.w3.org/1999/xhtml" xml:lang="en" lang="en">
 <head>
  <title>
</title>
<meta http-equiv="Content-Type" content="text/html;charset=utf-8" />
  <meta name='ocr-system' content='tesseract 3.04.00' />
  <meta name='ocr-capabilities' content='ocr_page ocr_carea ocr_par ocr_line ocrx_word'/>
</head>
<body>
  <div class='ocr_page' id='page_1' title='image "./cursuslitteratu00zottgoog_0397.png"; bbox 0 0 3574 5664; ppageno 0'>
   <div class='ocr_carea' id='block_1_1' title="bbox 544 497 1433 557">
    <p class='ocr_par' dir='ltr' id='par_1_1' title="bbox 544 497 1433 557">
     <span class='ocr_line' id='line_1_1' title="bbox 544 497 1433 557; baseline -0.004 0"><span class='ocrx_word' id='word_1_1' title='bbox 544 511 640 557; x_wconf 71' lang='lat' dir='ltr'>caetu</span> <span class='ocrx_word' id='word_1_2' title='bbox 661 510 802 556; x_wconf 80' lang='lat' dir='ltr'>ocnavuru</span> <span class='ocrx_word' id='word_1_3' title='bbox 815 525 856 540; x_wconf 92' lang='lat'>-</span> <span class='ocrx_word' id='word_1_4' title='bbox 869 510 942 553; x_wconf 78' lang='lat' dir='ltr'>rius</span> <span class='ocrx_word' id='word_1_5' title='bbox 962 510 1051 554; x_wconf 79' lang='lat' dir='ltr'>rurore</span> <span class='ocrx_word' id='word_1_6' title='bbox 1375 497 1433 557; x_wconf 80' lang='lat'>335</span> 
     </span>
    </p>
   </div>
   <div class='ocr_carea' id='block_1_2' title="bbox 165 624 1439 2851">
    <p class='ocr_par' dir='ltr' id='par_1_2' title="bbox 165 624 1435 938">
     <span class='ocr_line' id='line_1_2' title="bbox 221 624 1435 710; baseline -0.002 -18"><span class='ocrx_word' id='word_1_7' title='bbox 221 629 274 693; x_wconf 87' lang='lat'>33.</span> <span class='ocrx_word' id='word_1_8' title='bbox 297 626 499 709; x_wconf 84' lang='lat' dir='ltr'><strong>Philosophus</strong></span> <span class='ocrx_word' id='word_1_9' title='bbox 520 628 561 692; x_wconf 89' lang='lat' dir='ltr'>ait</span> <span class='ocrx_word' id='word_1_10' title='bbox 583 646 591 690; x_wconf 75' lang='grc' dir='ltr'><strong>ε</strong></span> <span class='ocrx_word' id='word_1_11' title='bbox 614 625 764 693; x_wconf 76' lang='lat' dir='ltr'>excellens</span> <span class='ocrx_word' id='word_1_12' title='bbox 784 627 831 689; x_wconf 90' lang='lat' dir='ltr'>vir</span> <span class='ocrx_word' id='word_1_13' title='bbox 852 640 912 690; x_wconf 92' lang='lat' dir='ltr'>non</span> <span class='ocrx_word' id='word_1_14' title='bbox 938 631 1035 706; x_wconf 90' lang='lat' dir='ltr'>potest</span> <span class='ocrx_word' id='word_1_15' title='bbox 1055 625 1086 689; x_wconf 91' lang='lat' dir='ltr'>iu</span> <span class='ocrx_word' id='word_1_16' title='bbox 1108 624 1209 705; x_wconf 91' lang='lat' dir='ltr'>parvis</span> <span class='ocrx_word' id='word_1_17' title='bbox 1233 626 1385 710; x_wconf 82' lang='lat' dir='ltr'>cognosci,</span> <span class='ocrx_word' id='word_1_18' title='bbox 1402 633 1435 690; x_wconf 87' lang='lat' dir='ltr'>at</span> 
     </span>
     <span class='ocr_line' id='line_1_3' title="bbox 166 739 1435 825; baseline -0.002 -19"><span class='ocrx_word' id='word_1_19' title='bbox 166 748 260 822; x_wconf 89' lang='lat' dir='ltr'>potest</span> <span class='ocrx_word' id='word_1_20' title='bbox 282 756 396 825; x_wconf 77' lang='lat' dir='ltr'>magna</span> <span class='ocrx_word' id='word_1_21' title='bbox 419 742 598 824; x_wconf 83' lang='lat' dir='ltr'>suscipere:</span> <span class='ocrx_word' id='word_1_22' title='bbox 621 740 756 823; x_wconf 76' lang='lat' dir='ltr'>vulgaris</span> <span class='ocrx_word' id='word_1_23' title='bbox 778 742 867 805; x_wconf 89' lang='lat' dir='ltr'>homo</span> <span class='ocrx_word' id='word_1_24' title='bbox 890 754 950 803; x_wconf 90' lang='lat' dir='ltr'>non</span> <span class='ocrx_word' id='word_1_25' title='bbox 972 746 1070 820; x_wconf 85' lang='lat' dir='ltr'>potest</span> <span class='ocrx_word' id='word_1_26' title='bbox 1091 755 1200 824; x_wconf 77' lang='lat' dir='ltr'>magna</span> <span class='ocrx_word' id='word_1_27' title='bbox 1223 739 1435 819; x_wconf 77' lang='lat' dir='ltr'>susciperent</span> 
     </span>
     <span class='ocr_line' id='line_1_4' title="bbox 165 850 665 938; baseline -0.004 -18"><span class='ocrx_word' id='word_1_28' title='bbox 165 862 260 935; x_wconf 91' lang='lat' dir='ltr'>potest</span> <span class='ocrx_word' id='word_1_29' title='bbox 274 855 306 919; x_wconf 91' lang='lat' dir='ltr'>iu</span> <span class='ocrx_word' id='word_1_30' title='bbox 321 856 424 935; x_wconf 91' lang='lat' dir='ltr'>parvis</span> <span class='ocrx_word' id='word_1_31' title='bbox 439 864 593 921; x_wconf 86' lang='lat' dir='ltr'>notescere</span> <span class='ocrx_word' id='word_1_32' title='bbox 610 850 665 938; x_wconf 78' lang='lat' dir='ltr'>(l).</span> 
     </span>
    </p>

    <p class='ocr_par' dir='ltr' id='par_1_3' title="bbox 165 966 1434 1276">
     <span class='ocr_line' id='line_1_5' title="bbox 221 966 1434 1050; baseline -0.002 -18"><span class='ocrx_word' id='word_1_33' title='bbox 221 970 273 1033; x_wconf 78' lang='grc'>34.</span> <span class='ocrx_word' id='word_1_34' title='bbox 298 969 501 1050; x_wconf 85' lang='lat' dir='ltr'><strong>Philosophus</strong></span> <span class='ocrx_word' id='word_1_35' title='bbox 522 968 588 1032; x_wconf 84' lang='lat' dir='ltr'>ait:</span> <span class='ocrx_word' id='word_1_36' title='bbox 611 969 738 1048; x_wconf 89' lang='lat' dir='ltr'>populus</span> <span class='ocrx_word' id='word_1_37' title='bbox 761 967 858 1049; x_wconf 85' lang='lat' dir='ltr'>quoad</span> <span class='ocrx_word' id='word_1_38' title='bbox 883 967 1037 1043; x_wconf 90' lang='lat' dir='ltr'>virtutem,</span> <span class='ocrx_word' id='word_1_39' title='bbox 1063 966 1208 1046; x_wconf 91' lang='lat' dir='ltr'>potiorem</span> <span class='ocrx_word' id='word_1_40' title='bbox 1233 967 1323 1031; x_wconf 84' lang='lat' dir='ltr'>hahet</span> <span class='ocrx_word' id='word_1_41' title='bbox 1344 982 1434 1046; x_wconf 83' lang='lat' dir='ltr'>quum</span> 
     </span>
     <span class='ocr_line' id='line_1_6' title="bbox 165 1078 1434 1167; baseline -0.001 -22"><span class='ocrx_word' id='word_1_42' title='bbox 165 1080 426 1165; x_wconf 76' lang='lat' dir='ltr'>aquametlgnem</span> <span class='ocrx_word' id='word_1_43' title='bbox 439 1078 494 1166; x_wconf 77' lang='lat' dir='ltr'>(t).</span> <span class='ocrx_word' id='word_1_44' title='bbox 517 1081 634 1162; x_wconf 76' lang='lat' dir='ltr'>dquam</span> <span class='ocrx_word' id='word_1_45' title='bbox 644 1082 798 1167; x_wconf 77' lang='lat' dir='ltr'>etigncm,</span> <span class='ocrx_word' id='word_1_46' title='bbox 815 1097 872 1163; x_wconf 75' lang='lat' dir='ltr'>ego</span> <span class='ocrx_word' id='word_1_47' title='bbox 882 1079 942 1146; x_wconf 91' lang='lat' dir='ltr'>vidi</span> <span class='ocrx_word' id='word_1_48' title='bbox 957 1080 1009 1161; x_wconf 87' lang='lat' dir='ltr'>qui</span> <span class='ocrx_word' id='word_1_49' title='bbox 1024 1080 1154 1146; x_wconf 76' lang='lat' dir='ltr'>calcaret</span> <span class='ocrx_word' id='word_1_50' title='bbox 1168 1091 1198 1145; x_wconf 91' lang='lat' dir='ltr'>et</span> <span class='ocrx_word' id='word_1_51' title='bbox 1213 1081 1341 1162; x_wconf 82' lang='lat' dir='ltr'>periret3</span> <span class='ocrx_word' id='word_1_52' title='bbox 1360 1096 1434 1145; x_wconf 90' lang='lat' dir='ltr'>nou·</span> 
     </span>
     <span class='ocr_line' id='line_1_7' title="bbox 165 1195 842 1276; baseline 0 -17"><span class='ocrx_word' id='word_1_53' title='bbox 165 1196 234 1259; x_wconf 92' lang='lat' dir='ltr'>dum</span> <span class='ocrx_word' id='word_1_54' title='bbox 249 1195 310 1260; x_wconf 89' lang='lat' dir='ltr'>vidi</span> <span class='ocrx_word' id='word_1_55' title='bbox 326 1196 379 1276; x_wconf 85' lang='lat' dir='ltr'>qui</span> <span class='ocrx_word' id='word_1_56' title='bbox 393 1196 546 1261; x_wconf 76' lang='lat' dir='ltr'>insisteret</span> <span class='ocrx_word' id='word_1_57' title='bbox 560 1195 663 1260; x_wconf 90' lang='lat' dir='ltr'>virtuti</span> <span class='ocrx_word' id='word_1_58' title='bbox 678 1201 707 1260; x_wconf 85' lang='lat' dir='ltr'>et</span> <span class='ocrx_word' id='word_1_59' title='bbox 723 1195 842 1275; x_wconf 90' lang='lat' dir='ltr'>periret.</span> 
     </span>
    </p>

    <p class='ocr_par' dir='ltr' id='par_1_4' title="bbox 220 1303 1431 1392">
     <span class='ocr_line' id='line_1_8' title="bbox 220 1303 1431 1392; baseline -0.002 -18"><span class='ocrx_word' id='word_1_60' title='bbox 220 1312 273 1375; x_wconf 82' lang='lat'>35.</span> <span class='ocrx_word' id='word_1_61' title='bbox 297 1310 500 1389; x_wconf 83' lang='lat' dir='ltr'>Philosophus</span> <span class='ocrx_word' id='word_1_62' title='bbox 514 1309 556 1375; x_wconf 90' lang='lat' dir='ltr'>ait</span> <span class='ocrx_word' id='word_1_63' title='bbox 573 1329 581 1373; x_wconf 75' lang='grc' dir='ltr'>ι</span> <span class='ocrx_word' id='word_1_64' title='bbox 598 1309 716 1373; x_wconf 91' lang='lat' dir='ltr'>muneri</span> <span class='ocrx_word' id='word_1_65' title='bbox 731 1308 845 1373; x_wconf 87' lang='lat' dir='ltr'>hahens</span> <span class='ocrx_word' id='word_1_66' title='bbox 858 1308 1014 1384; x_wconf 88' lang='lat' dir='ltr'>virtutem,</span> <span class='ocrx_word' id='word_1_67' title='bbox 1035 1323 1090 1372; x_wconf 89' lang='lat' dir='ltr'>nec</span> <span class='ocrx_word' id='word_1_68' title='bbox 1111 1308 1199 1373; x_wconf 89' lang='lat' dir='ltr'>cedes</span> <span class='ocrx_word' id='word_1_69' title='bbox 1213 1308 1358 1391; x_wconf 80' lang='lat' dir='ltr'>magistro</span> <span class='ocrx_word' id='word_1_70' title='bbox 1376 1304 1387 1391; x_wconf 75' lang='lat' dir='ltr'>l</span> <span class='ocrx_word' id='word_1_71' title='bbox 1408 1303 1431 1392; x_wconf 87' lang='grc'>).</span> 
     </span>
    </p>

    <p class='ocr_par' dir='ltr' id='par_1_5' title="bbox 222 1421 1203 1504">
     <span class='ocr_line' id='line_1_9' title="bbox 222 1421 1203 1504; baseline 0.001 -17"><span class='ocrx_word' id='word_1_72' title='bbox 222 1423 275 1488; x_wconf 86' lang='grc'>36.</span> <span class='ocrx_word' id='word_1_73' title='bbox 298 1423 500 1503; x_wconf 83' lang='lat' dir='ltr'>Philosophus</span> <span class='ocrx_word' id='word_1_74' title='bbox 514 1422 556 1488; x_wconf 89' lang='lat' dir='ltr'>ait</span> <span class='ocrx_word' id='word_1_75' title='bbox 572 1443 581 1488; x_wconf 72' lang='grc' dir='ltr'>ε</span> <span class='ocrx_word' id='word_1_76' title='bbox 598 1424 717 1504; x_wconf 89' lang='lat' dir='ltr'>sapiens</span> <span class='ocrx_word' id='word_1_77' title='bbox 731 1430 778 1487; x_wconf 92' lang='lat' dir='ltr'>est</span> <span class='ocrx_word' id='word_1_78' title='bbox 792 1428 893 1499; x_wconf 82' lang='lat' dir='ltr'>tenax,</span> <span class='ocrx_word' id='word_1_79' title='bbox 910 1422 1038 1486; x_wconf 91' lang='lat' dir='ltr'>sednon</span> <span class='ocrx_word' id='word_1_80' title='bbox 1054 1421 1203 1501; x_wconf 86' lang='lat' dir='ltr'>pervicax.</span> 
     </span>
    </p>

    <p class='ocr_par' dir='ltr' id='par_1_6' title="bbox 166 1533 1438 1729">
     <span class='ocr_line' id='line_1_10' title="bbox 221 1533 1438 1617; baseline -0.001 -16"><span class='ocrx_word' id='word_1_81' title='bbox 221 1538 274 1601; x_wconf 85' lang='lat'>37.</span> <span class='ocrx_word' id='word_1_82' title='bbox 298 1536 500 1616; x_wconf 87' lang='lat' dir='ltr'>Philosophus</span> <span class='ocrx_word' id='word_1_83' title='bbox 521 1540 564 1602; x_wconf 89' lang='lat' dir='ltr'>ait</span> <span class='ocrx_word' id='word_1_84' title='bbox 586 1556 594 1601; x_wconf 91' lang='lat'><strong>:</strong></span> <span class='ocrx_word' id='word_1_85' title='bbox 619 1537 753 1600; x_wconf 88' lang='lat' dir='ltr'>serviens</span> <span class='ocrx_word' id='word_1_86' title='bbox 774 1535 900 1617; x_wconf 86' lang='lat' dir='ltr'>principi</span> <span class='ocrx_word' id='word_1_87' title='bbox 923 1534 1006 1601; x_wconf 88' lang='lat' dir='ltr'>cordi</span> <span class='ocrx_word' id='word_1_88' title='bbox 1025 1533 1134 1601; x_wconf 86' lang='lat' dir='ltr'>haheat</span> <span class='ocrx_word' id='word_1_89' title='bbox 1155 1552 1244 1600; x_wconf 92' lang='lat' dir='ltr'>suum</span> <span class='ocrx_word' id='word_1_90' title='bbox 1268 1552 1389 1613; x_wconf 90' lang='lat' dir='ltr'>munus,</span> <span class='ocrx_word' id='word_1_91' title='bbox 1406 1540 1438 1600; x_wconf 88' lang='lat' dir='ltr'>et</span> 
     </span>
     <span class='ocr_line' id='line_1_11' title="bbox 166 1650 596 1729; baseline 0 -15"><span class='ocrx_word' id='word_1_92' title='bbox 166 1650 342 1729; x_wconf 81' lang='lat' dir='ltr'>posthabeat</span> <span class='ocrx_word' id='word_1_93' title='bbox 357 1666 446 1715; x_wconf 89' lang='lat' dir='ltr'>suum</span> <span class='ocrx_word' id='word_1_94' title='bbox 461 1666 596 1716; x_wconf 82' lang='lat' dir='ltr'>censum.</span> 
     </span>
    </p>

    <p class='ocr_par' dir='ltr' id='par_1_7' title="bbox 221 1759 1387 1847">
     <span class='ocr_line' id='line_1_12' title="bbox 221 1759 1387 1847; baseline -0.003 -18"><span class='ocrx_word' id='word_1_95' title='bbox 221 1764 274 1830; x_wconf 88' lang='grc'>38.</span> <span class='ocrx_word' id='word_1_96' title='bbox 300 1764 502 1844; x_wconf 88' lang='lat' dir='ltr'>Philosophus</span> <span class='ocrx_word' id='word_1_97' title='bbox 515 1765 558 1828; x_wconf 87' lang='lat' dir='ltr'>ait</span> <span class='ocrx_word' id='word_1_98' title='bbox 574 1784 582 1828; x_wconf 91' lang='lat'>:</span> <span class='ocrx_word' id='word_1_99' title='bbox 600 1763 702 1829; x_wconf 80' lang='lat' dir='ltr'>existit</span> <span class='ocrx_word' id='word_1_100' title='bbox 715 1762 862 1827; x_wconf 86' lang='lat' dir='ltr'>institutio</span> <span class='ocrx_word' id='word_1_101' title='bbox 877 1762 942 1827; x_wconf 86' lang='lat' dir='ltr'>sine</span> <span class='ocrx_word' id='word_1_102' title='bbox 956 1762 1111 1827; x_wconf 91' lang='lat' dir='ltr'>hominum</span> <span class='ocrx_word' id='word_1_103' title='bbox 1126 1762 1315 1828; x_wconf 86' lang='lat' dir='ltr'>distinctione</span> <span class='ocrx_word' id='word_1_104' title='bbox 1332 1759 1387 1847; x_wconf 83' lang='lat' dir='ltr'>(l).</span> 
     </span>
    </p>

    <p class='ocr_par' dir='ltr' id='par_1_8' title="bbox 166 1876 1438 2057">
     <span class='ocr_line' id='line_1_13' title="bbox 182 1876 1438 1957; baseline 0 -15"><span class='ocrx_word' id='word_1_105' title='bbox 182 1901 185 1906; x_wconf 96' lang='lat'>·</span> <span class='ocrx_word' id='word_1_106' title='bbox 221 1877 273 1942; x_wconf 85' lang='grc'>39.</span> <span class='ocrx_word' id='word_1_107' title='bbox 299 1878 502 1957; x_wconf 88' lang='lat' dir='ltr'>Philosophus</span> <span class='ocrx_word' id='word_1_108' title='bbox 516 1879 559 1943; x_wconf 82' lang='lat' dir='ltr'>ait</span> <span class='ocrx_word' id='word_1_109' title='bbox 575 1897 583 1943; x_wconf 80' lang='lat' dir='ltr'><strong><em>z</em></strong></span> <span class='ocrx_word' id='word_1_110' title='bbox 601 1878 627 1942; x_wconf 90' lang='lat' dir='ltr'>si</span> <span class='ocrx_word' id='word_1_111' title='bbox 642 1878 720 1943; x_wconf 84' lang='lat' dir='ltr'>vitae</span> <span class='ocrx_word' id='word_1_112' title='bbox 739 1877 816 1942; x_wconf 87' lang='lat' dir='ltr'>ratio</span> <span class='ocrx_word' id='word_1_113' title='bbox 837 1892 898 1942; x_wconf 91' lang='lat' dir='ltr'>nou</span> <span class='ocrx_word' id='word_1_114' title='bbox 919 1876 958 1940; x_wconf 91' lang='lat' dir='ltr'>sit</span> <span class='ocrx_word' id='word_1_115' title='bbox 979 1876 1095 1954; x_wconf 89' lang='lat' dir='ltr'>eadem,</span> <span class='ocrx_word' id='word_1_116' title='bbox 1119 1891 1179 1942; x_wconf 90' lang='lat' dir='ltr'>nou</span> <span class='ocrx_word' id='word_1_117' title='bbox 1202 1876 1377 1942; x_wconf 84' lang='lat' dir='ltr'>convenitur</span> <span class='ocrx_word' id='word_1_118' title='bbox 1398 1878 1438 1942; x_wconf 82' lang='lat' dir='ltr'>ad</span> 
     </span>
     <span class='ocr_line' id='line_1_14' title="bbox 166 1991 401 2057; baseline -0.009 -1"><span class='ocrx_word' id='word_1_119' title='bbox 166 1991 401 2057; x_wconf 82' lang='lat' dir='ltr'>deliberandum.</span> 
     </span>
    </p>

    <p class='ocr_par' dir='ltr' id='par_1_9' title="bbox 223 2102 1194 2187">
     <span class='ocr_line' id='line_1_15' title="bbox 223 2102 1194 2187; baseline -0.002 -17"><span class='ocrx_word' id='word_1_120' title='bbox 223 2105 274 2170; x_wconf 83' lang='lat' dir='ltr'>lo.</span> <span class='ocrx_word' id='word_1_121' title='bbox 298 2104 503 2184; x_wconf 90' lang='lat' dir='ltr'>Philosophus</span> <span class='ocrx_word' id='word_1_122' title='bbox 517 2106 559 2169; x_wconf 89' lang='lat' dir='ltr'>ait</span> <span class='ocrx_word' id='word_1_123' title='bbox 575 2122 584 2168; x_wconf 76' lang='grc' dir='ltr'><strong>ι</strong></span> <span class='ocrx_word' id='word_1_124' title='bbox 602 2120 701 2169; x_wconf 87' lang='lat' dir='ltr'>sermo</span> <span class='ocrx_word' id='word_1_125' title='bbox 716 2104 756 2169; x_wconf 94' lang='lat' dir='ltr'>sit</span> <span class='ocrx_word' id='word_1_126' title='bbox 769 2102 977 2187; x_wconf 76' lang='lat' dir='ltr'>intelligibilis,</span> <span class='ocrx_word' id='word_1_127' title='bbox 994 2111 1025 2168; x_wconf 90' lang='lat' dir='ltr'>et</span> <span class='ocrx_word' id='word_1_128' title='bbox 1040 2104 1097 2168; x_wconf 92' lang='lat' dir='ltr'>hoc</span> <span class='ocrx_word' id='word_1_129' title='bbox 1111 2103 1194 2169; x_wconf 88' lang='lat' dir='ltr'>satis.</span> 
     </span>
    </p>

    <p class='ocr_par' dir='ltr' id='par_1_10' title="bbox 168 2216 1439 2851">
     <span class='ocr_line' id='line_1_16' title="bbox 223 2216 1437 2295; baseline 0.002 -12"><span class='ocrx_word' id='word_1_130' title='bbox 223 2216 275 2285; x_wconf 82' lang='lat' dir='ltr'>ll.</span> <span class='ocrx_word' id='word_1_131' title='bbox 299 2219 477 2285; x_wconf 89' lang='lat' dir='ltr'>Phouascus</span> <span class='ocrx_word' id='word_1_132' title='bbox 500 2219 579 2283; x_wconf 86' lang='lat' dir='ltr'>Micu</span> <span class='ocrx_word' id='word_1_133' title='bbox 604 2218 757 2283; x_wconf 87' lang='lat' dir='ltr'>visitatum</span> <span class='ocrx_word' id='word_1_134' title='bbox 777 2218 940 2283; x_wconf 86' lang='lat' dir='ltr'>advenerat</span> <span class='ocrx_word' id='word_1_135' title='bbox 963 2237 971 2281; x_wconf 92' lang='lat'><strong>:</strong></span> <span class='ocrx_word' id='word_1_136' title='bbox 995 2216 1033 2281; x_wconf 89' lang='lat' dir='ltr'>ad</span> <span class='ocrx_word' id='word_1_137' title='bbox 1055 2219 1161 2295; x_wconf 90' lang='lat' dir='ltr'>scalas,</span> <span class='ocrx_word' id='word_1_138' title='bbox 1193 2217 1352 2283; x_wconf 77' lang='lat' dir='ltr'>consocius</span> <span class='ocrx_word' id='word_1_139' title='bbox 1373 2235 1437 2285; x_wconf 91' lang='lat' dir='ltr'>mu·</span> 
     </span>
     <span class='ocr_line' id='line_1_17' title="bbox 168 2331 1438 2412; baseline 0 -15"><span class='ocrx_word' id='word_1_140' title='bbox 168 2331 231 2397; x_wconf 89' lang='lat' dir='ltr'>uuit</span> <span class='ocrx_word' id='word_1_141' title='bbox 247 2351 255 2394; x_wconf 90' lang='lat'><strong>:</strong></span> <span class='ocrx_word' id='word_1_142' title='bbox 273 2332 365 2397; x_wconf 86' lang='lat' dir='ltr'>scalae</span> <span class='ocrx_word' id='word_1_143' title='bbox 382 2339 468 2410; x_wconf 90' lang='lat' dir='ltr'>sunt;</span> <span class='ocrx_word' id='word_1_144' title='bbox 485 2340 694 2412; x_wconf 83' lang='lat' dir='ltr'>assequentem</span> <span class='ocrx_word' id='word_1_145' title='bbox 709 2338 835 2409; x_wconf 88' lang='lat' dir='ltr'>storeas,</span> <span class='ocrx_word' id='word_1_146' title='bbox 852 2331 1011 2396; x_wconf 80' lang='lat' dir='ltr'>consuetus</span> <span class='ocrx_word' id='word_1_147' title='bbox 1026 2331 1161 2396; x_wconf 88' lang='lat' dir='ltr'>monuit:</span> <span class='ocrx_word' id='word_1_148' title='bbox 1175 2333 1333 2397; x_wconf 85' lang='lat' dir='ltr'>hlcstorea</span> <span class='ocrx_word' id='word_1_149' title='bbox 1347 2349 1438 2397; x_wconf 92' lang='lat' dir='ltr'>:cum</span> 
     </span>
     <span class='ocr_line' id='line_1_18' title="bbox 170 2444 1439 2524; baseline 0.002 -16"><span class='ocrx_word' id='word_1_150' title='bbox 170 2461 271 2510; x_wconf 87' lang='lat' dir='ltr'>omnes</span> <span class='ocrx_word' id='word_1_151' title='bbox 285 2446 489 2524; x_wconf 84' lang='lat' dir='ltr'>consederint,</span> <span class='ocrx_word' id='word_1_152' title='bbox 511 2446 669 2511; x_wconf 79' lang='lat' dir='ltr'>coniuctus</span> <span class='ocrx_word' id='word_1_153' title='bbox 683 2444 838 2510; x_wconf 86' lang='lat' dir='ltr'>admonuit</span> <span class='ocrx_word' id='word_1_154' title='bbox 851 2460 920 2510; x_wconf 87' lang='lat' dir='ltr'>cum</span> <span class='ocrx_word' id='word_1_155' title='bbox 935 2445 1036 2509; x_wconf 85' lang='lat' dir='ltr'>dicens</span> <span class='ocrx_word' id='word_1_156' title='bbox 1053 2462 1061 2507; x_wconf 95' lang='lat'>:</span> <span class='ocrx_word' id='word_1_157' title='bbox 1080 2445 1148 2510; x_wconf 86' lang='lat' dir='ltr'>talis</span> <span class='ocrx_word' id='word_1_158' title='bbox 1163 2452 1209 2511; x_wconf 89' lang='lat' dir='ltr'>est</span> <span class='ocrx_word' id='word_1_159' title='bbox 1222 2447 1284 2523; x_wconf 89' lang='lat' dir='ltr'>hlc,</span> <span class='ocrx_word' id='word_1_160' title='bbox 1308 2446 1377 2509; x_wconf 89' lang='lat' dir='ltr'>talis</span> <span class='ocrx_word' id='word_1_161' title='bbox 1390 2453 1439 2511; x_wconf 88' lang='lat' dir='ltr'>est</span> 
     </span>
     <span class='ocr_line' id='line_1_19' title="bbox 169 2556 1438 2642; baseline 0.002 -21"><span class='ocrx_word' id='word_1_162' title='bbox 169 2556 238 2623; x_wconf 91' lang='lat' dir='ltr'>illic.</span> <span class='ocrx_word' id='word_1_163' title='bbox 275 2558 392 2624; x_wconf 88' lang='lat' dir='ltr'>Musico</span> <span class='ocrx_word' id='word_1_164' title='bbox 414 2560 494 2624; x_wconf 87' lang='lat' dir='ltr'>Mieu</span> <span class='ocrx_word' id='word_1_165' title='bbox 518 2575 654 2642; x_wconf 79' lang='lat' dir='ltr'>egresso,</span> <span class='ocrx_word' id='word_1_166' title='bbox 686 2560 745 2624; x_wconf 88' lang='lat' dir='ltr'>Tse</span> <span class='ocrx_word' id='word_1_167' title='bbox 767 2559 879 2641; x_wconf 80' lang='lat' dir='ltr'>tchaug</span> <span class='ocrx_word' id='word_1_168' title='bbox 907 2559 1074 2622; x_wconf 82' lang='lat' dir='ltr'>sciscitatus</span> <span class='ocrx_word' id='word_1_169' title='bbox 1095 2558 1137 2622; x_wconf 86' lang='lat' dir='ltr'>alt</span> <span class='ocrx_word' id='word_1_170' title='bbox 1161 2578 1169 2622; x_wconf 77' lang='lat' dir='ltr'><em>z</em></span> <span class='ocrx_word' id='word_1_171' title='bbox 1193 2575 1262 2623; x_wconf 90' lang='lat' dir='ltr'>cum</span> <span class='ocrx_word' id='word_1_172' title='bbox 1287 2561 1438 2640; x_wconf 85' lang='lat' dir='ltr'>phonasco</span> 
     </span>
     <span class='ocr_line' id='line_1_20' title="bbox 170 2658 1439 2756; baseline 0.002 -21"><span class='ocrx_word' id='word_1_173' title='bbox 170 2670 264 2737; x_wconf 87' lang='lat' dir='ltr'>dicere</span> <span class='ocrx_word' id='word_1_174' title='bbox 278 2671 365 2749; x_wconf 88' lang='lat' dir='ltr'>talia,</span> <span class='ocrx_word' id='word_1_175' title='bbox 389 2678 556 2739; x_wconf 83' lang='lat' dir='ltr'>pormanet</span> <span class='ocrx_word' id='word_1_176' title='bbox 585 2673 743 2740; x_wconf 83' lang='lat' dir='ltr'>Gonhrcius</span> <span class='ocrx_word' id='word_1_177' title='bbox 758 2672 800 2737; x_wconf 88' lang='lat' dir='ltr'>ait</span> <span class='ocrx_word' id='word_1_178' title='bbox 817 2691 825 2737; x_wconf 74' lang='grc' dir='ltr'><strong>ι</strong></span> <span class='ocrx_word' id='word_1_179' title='bbox 842 2672 900 2749; x_wconf 89' lang='lat' dir='ltr'>ita;</span> <span class='ocrx_word' id='word_1_180' title='bbox 923 2686 994 2737; x_wconf 89' lang='lat' dir='ltr'>saue</span> <span class='ocrx_word' id='word_1_181' title='bbox 1013 2671 1137 2754; x_wconf 75' lang='lat' dir='ltr'>iuvandi</span> <span class='ocrx_word' id='word_1_182' title='bbox 1158 2688 1256 2738; x_wconf 87' lang='lat' dir='ltr'>coecos</span> <span class='ocrx_word' id='word_1_183' title='bbox 1271 2658 1439 2756; x_wconf 87' lang='lat' dir='ltr'>phonascos</span> 
     </span>
     <span class='ocr_line' id='line_1_21' title="bbox 171 2801 287 2851; baseline 0.026 -3"><span class='ocrx_word' id='word_1_184' title='bbox 171 2801 287 2851; x_wconf 88' lang='lat' dir='ltr'>norma.</span> 
     </span>
    </p>
   </div>
   <div class='ocr_carea' id='block_1_3' title="bbox 587 3007 1020 3087">
    <p class='ocr_par' dir='ltr' id='par_1_11' title="bbox 587 3007 1020 3087">
     <span class='ocr_line' id='line_1_22' title="bbox 587 3007 1020 3087; baseline 0.005 -4"><span class='ocrx_word' id='word_1_185' title='bbox 587 3009 714 3087; x_wconf 75' lang='lat' dir='ltr'>Paua</span> <span class='ocrx_word' id='word_1_186' title='bbox 741 3007 1020 3085; x_wconf 80' lang='lat' dir='ltr'>Posaautolt.</span> 
     </span>
    </p>
   </div>
   <div class='ocr_carea' id='block_1_4' title="bbox 172 3227 1438 3656">
    <p class='ocr_par' dir='ltr' id='par_1_12' title="bbox 172 3227 1438 3656">
     <span class='ocr_line' id='line_1_23' title="bbox 226 3227 1438 3315; baseline 0 -18"><span class='ocrx_word' id='word_1_187' title='bbox 226 3233 260 3297; x_wconf 88' lang='lat'>1.</span> <span class='ocrx_word' id='word_1_188' title='bbox 284 3232 323 3297; x_wconf 84' lang='lat' dir='ltr'>lli</span> <span class='ocrx_word' id='word_1_189' title='bbox 339 3232 449 3296; x_wconf 86' lang='lat' dir='ltr'>lamitia</span> <span class='ocrx_word' id='word_1_190' title='bbox 473 3233 612 3297; x_wconf 82' lang='lat' dir='ltr'>invasura</span> <span class='ocrx_word' id='word_1_191' title='bbox 634 3240 699 3297; x_wconf 85' lang='lat' dir='ltr'>crat</span> <span class='ocrx_word' id='word_1_192' title='bbox 719 3234 841 3297; x_wconf 82' lang='lat' dir='ltr'>Tchoan</span> <span class='ocrx_word' id='word_1_193' title='bbox 863 3227 912 3315; x_wconf 90' lang='lat' dir='ltr'>y&#39;n.</span> <span class='ocrx_word' id='word_1_194' title='bbox 942 3234 997 3296; x_wconf 88' lang='lat' dir='ltr'>Jau</span> <span class='ocrx_word' id='word_1_195' title='bbox 1021 3248 1096 3315; x_wconf 85' lang='lat' dir='ltr'>yeou</span> <span class='ocrx_word' id='word_1_196' title='bbox 1111 3239 1141 3296; x_wconf 89' lang='lat' dir='ltr'>et</span> <span class='ocrx_word' id='word_1_197' title='bbox 1155 3232 1192 3298; x_wconf 88' lang='lat' dir='ltr'>Ki</span> <span class='ocrx_word' id='word_1_198' title='bbox 1208 3234 1258 3297; x_wconf 92' lang='lat' dir='ltr'>lou</span> <span class='ocrx_word' id='word_1_199' title='bbox 1274 3232 1438 3297; x_wconf 87' lang='lat' dir='ltr'>revisentes</span> 
     </span>
     <span class='ocr_line' id='line_1_24' title="bbox 172 3345 1432 3428; baseline 0.002 -21"><span class='ocrx_word' id='word_1_200' title='bbox 172 3345 207 3409; x_wconf 86' lang='lat' dir='ltr'>ad</span> <span class='ocrx_word' id='word_1_201' title='bbox 226 3345 403 3410; x_wconf 82' lang='lat' dir='ltr'>Goulucium</span> <span class='ocrx_word' id='word_1_202' title='bbox 428 3346 565 3411; x_wconf 81' lang='lat' dir='ltr'>dixerunt</span> <span class='ocrx_word' id='word_1_203' title='bbox 583 3366 591 3410; x_wconf 91' lang='lat'>:</span> <span class='ocrx_word' id='word_1_204' title='bbox 609 3347 751 3412; x_wconf 86' lang='lat' dir='ltr'>Dominus</span> <span class='ocrx_word' id='word_1_205' title='bbox 766 3347 803 3411; x_wconf 78' lang='lat' dir='ltr'>lli</span> <span class='ocrx_word' id='word_1_206' title='bbox 823 3362 893 3411; x_wconf 82' lang='lat' dir='ltr'>mox</span> <span class='ocrx_word' id='word_1_207' title='bbox 917 3345 1037 3410; x_wconf 87' lang='lat' dir='ltr'>habehit</span> <span class='ocrx_word' id='word_1_208' title='bbox 1060 3362 1124 3410; x_wconf 87' lang='lat' dir='ltr'>rem</span> <span class='ocrx_word' id='word_1_209' title='bbox 1148 3362 1216 3411; x_wconf 90' lang='lat' dir='ltr'>cum</span> <span class='ocrx_word' id='word_1_210' title='bbox 1241 3346 1362 3411; x_wconf 83' lang='lat' dir='ltr'>&#39;ichoan</span> <span class='ocrx_word' id='word_1_211' title='bbox 1382 3362 1432 3428; x_wconf 82' lang='lat' dir='ltr'>yu.</span> 
     </span>
     <span class='ocr_line' id='line_1_25' title="bbox 173 3458 1437 3542; baseline -0.002 -17"><span class='ocrx_word' id='word_1_212' title='bbox 173 3458 331 3525; x_wconf 80' lang='lat' dir='ltr'>doulucius</span> <span class='ocrx_word' id='word_1_213' title='bbox 345 3460 387 3523; x_wconf 91' lang='lat' dir='ltr'>ait</span> <span class='ocrx_word' id='word_1_214' title='bbox 399 3478 407 3521; x_wconf 89' lang='lat'>:</span> <span class='ocrx_word' id='word_1_215' title='bbox 419 3459 540 3536; x_wconf 87' lang='lat' dir='ltr'>K‘ieou,</span> <span class='ocrx_word' id='word_1_216' title='bbox 558 3476 655 3525; x_wconf 88' lang='lat' dir='ltr'>nonne</span> <span class='ocrx_word' id='word_1_217' title='bbox 670 3468 716 3524; x_wconf 89' lang='lat' dir='ltr'>est</span> <span class='ocrx_word' id='word_1_218' title='bbox 731 3466 815 3523; x_wconf 90' lang='lat' dir='ltr'>tuum</span> <span class='ocrx_word' id='word_1_219' title='bbox 831 3461 888 3523; x_wconf 92' lang='lat' dir='ltr'>hoc</span> <span class='ocrx_word' id='word_1_220' title='bbox 903 3461 1037 3524; x_wconf 85' lang='lat' dir='ltr'>criment</span> <span class='ocrx_word' id='word_1_221' title='bbox 1052 3460 1113 3522; x_wconf 83' lang='lat' dir='ltr'>Ista</span> <span class='ocrx_word' id='word_1_222' title='bbox 1127 3460 1249 3524; x_wconf 83' lang='lat' dir='ltr'>Tchoan</span> <span class='ocrx_word' id='word_1_223' title='bbox 1264 3476 1315 3542; x_wconf 85' lang='lat' dir='ltr'>yu,</span> <span class='ocrx_word' id='word_1_224' title='bbox 1333 3458 1404 3523; x_wconf 92' lang='lat' dir='ltr'>olim</span> <span class='ocrx_word' id='word_1_225' title='bbox 1419 3475 1437 3523; x_wconf 88' lang='lat' dir='ltr'>a</span> 
     </span>
     <span class='ocr_line' id='line_1_26' title="bbox 173 3572 1438 3656; baseline 0 -19"><span class='ocrx_word' id='word_1_226' title='bbox 173 3573 280 3652; x_wconf 87' lang='lat' dir='ltr'>priscis</span> <span class='ocrx_word' id='word_1_227' title='bbox 295 3572 415 3655; x_wconf 80' lang='lat' dir='ltr'>regibus</span> <span class='ocrx_word' id='word_1_228' title='bbox 430 3572 529 3636; x_wconf 88' lang='lat' dir='ltr'>hahita</span> <span class='ocrx_word' id='word_1_229' title='bbox 544 3580 591 3636; x_wconf 90' lang='lat' dir='ltr'>est</span> <span class='ocrx_word' id='word_1_230' title='bbox 606 3573 646 3636; x_wconf 90' lang='lat' dir='ltr'>uti</span> <span class='ocrx_word' id='word_1_231' title='bbox 663 3573 815 3637; x_wconf 89' lang='lat' dir='ltr'>orientalis</span> <span class='ocrx_word' id='word_1_232' title='bbox 829 3573 921 3655; x_wconf 80' lang='lat' dir='ltr'>llong</span> <span class='ocrx_word' id='word_1_233' title='bbox 935 3572 1069 3648; x_wconf 69' lang='lat' dir='ltr'>domium</span> <span class='ocrx_word' id='word_1_234' title='bbox 1087 3578 1229 3652; x_wconf 83' lang='lat' dir='ltr'>praetcrea</span> <span class='ocrx_word' id='word_1_235' title='bbox 1245 3580 1291 3636; x_wconf 90' lang='lat' dir='ltr'>cst</span> <span class='ocrx_word' id='word_1_236' title='bbox 1305 3572 1336 3637; x_wconf 85' lang='lat' dir='ltr'>iu</span> <span class='ocrx_word' id='word_1_237' title='bbox 1351 3573 1438 3656; x_wconf 78' lang='lat' dir='ltr'>regui</span> 
     </span>
    </p>
   </div>
   <div class='ocr_carea' id='block_1_5' title="bbox 163 3951 1440 4929">
    <p class='ocr_par' dir='ltr' id='par_1_13' title="bbox 171 3951 1438 4150">
     <span class='ocr_line' id='line_1_27' title="bbox 212 3951 1438 4040; baseline 0.002 -22"><span class='ocrx_word' id='word_1_238' title='bbox 212 3951 259 4029; x_wconf 88' lang='lat'>(1)</span> <span class='ocrx_word' id='word_1_239' title='bbox 280 3958 432 4020; x_wconf 81' lang='lat' dir='ltr'>Excellens</span> <span class='ocrx_word' id='word_1_240' title='bbox 447 3960 490 4019; x_wconf 90' lang='lat' dir='ltr'>vir</span> <span class='ocrx_word' id='word_1_241' title='bbox 498 3961 529 4018; x_wconf 90' lang='lat' dir='ltr'>in</span> <span class='ocrx_word' id='word_1_242' title='bbox 539 3980 628 4038; x_wconf 81' lang='lat' dir='ltr'>parva</span> <span class='ocrx_word' id='word_1_243' title='bbox 637 3979 668 4018; x_wconf 88' lang='lat' dir='ltr'>rc</span> <span class='ocrx_word' id='word_1_244' title='bbox 677 3959 760 4020; x_wconf 79' lang='lat' dir='ltr'>facile</span> <span class='ocrx_word' id='word_1_245' title='bbox 773 3979 830 4018; x_wconf 89' lang='lat' dir='ltr'>nou</span> <span class='ocrx_word' id='word_1_246' title='bbox 845 3962 958 4040; x_wconf 85' lang='lat' dir='ltr'>peritus,</span> <span class='ocrx_word' id='word_1_247' title='bbox 972 3958 1097 4038; x_wconf 82' lang='lat' dir='ltr'>vulgaris</span> <span class='ocrx_word' id='word_1_248' title='bbox 1110 3959 1196 4019; x_wconf 90' lang='lat' dir='ltr'>homo</span> <span class='ocrx_word' id='word_1_249' title='bbox 1206 3960 1237 4019; x_wconf 88' lang='lat' dir='ltr'>in</span> <span class='ocrx_word' id='word_1_250' title='bbox 1246 3960 1340 4038; x_wconf 80' lang='lat' dir='ltr'>parvis</span> <span class='ocrx_word' id='word_1_251' title='bbox 1352 3959 1438 4020; x_wconf 74' lang='lat' dir='ltr'>facilc</span> 
     </span>
     <span class='ocr_line' id='line_1_28' title="bbox 171 4073 1098 4150; baseline 0.003 -20"><span class='ocrx_word' id='word_1_252' title='bbox 171 4074 289 4149; x_wconf 71' lang='lat' dir='ltr'>perimo,</span> <span class='ocrx_word' id='word_1_253' title='bbox 303 4073 424 4150; x_wconf 86' lang='lat' dir='ltr'>indeque</span> <span class='ocrx_word' id='word_1_254' title='bbox 436 4080 594 4132; x_wconf 81' lang='lat' dir='ltr'>uotuscsue</span> <span class='ocrx_word' id='word_1_255' title='bbox 607 4080 709 4150; x_wconf 72' lang='lat' dir='ltr'>polest</span> <span class='ocrx_word' id='word_1_256' title='bbox 1095 4136 1098 4146; x_wconf 70' lang='grc'>,</span> 
     </span>
    </p>

    <p class='ocr_par' dir='ltr' id='par_1_14' title="bbox 163 4163 1440 4718">
     <span class='ocr_line' id='line_1_29' title="bbox 217 4163 1439 4265; baseline 0.002 -22"><span class='ocrx_word' id='word_1_257' title='bbox 217 4177 260 4253; x_wconf 76' lang='lat' dir='ltr'>(P)</span> <span class='ocrx_word' id='word_1_258' title='bbox 280 4164 336 4260; x_wconf 52' lang='lat' dir='ltr'>st,</span> <span class='ocrx_word' id='word_1_259' title='bbox 357 4188 445 4247; x_wconf 83' lang='lat' dir='ltr'>servit</span> <span class='ocrx_word' id='word_1_260' title='bbox 465 4186 665 4265; x_wconf 72' lang='lat' dir='ltr'>comparativo,</span> <span class='ocrx_word' id='word_1_261' title='bbox 686 4205 766 4263; x_wconf 73' lang='lat' dir='ltr'>proe5</span> <span class='ocrx_word' id='word_1_262' title='bbox 789 4193 860 4259; x_wconf 85' lang='lat' dir='ltr'>tum,</span> <span class='ocrx_word' id='word_1_263' title='bbox 884 4188 1061 4264; x_wconf 78' lang='lat' dir='ltr'>praeccdcntc</span> <span class='ocrx_word' id='word_1_264' title='bbox 1087 4163 1141 4257; x_wconf 70' lang='grc' dir='ltr'>Ζ,</span> <span class='ocrx_word' id='word_1_265' title='bbox 1167 4186 1262 4245; x_wconf 81' lang='lat' dir='ltr'>innuit</span> <span class='ocrx_word' id='word_1_266' title='bbox 1284 4185 1439 4265; x_wconf 82' lang='lat' dir='ltr'>objectum,</span> 
     </span>
     <span class='ocr_line' id='line_1_30' title="bbox 163 4300 276 4375; baseline 0 -50"><span class='ocrx_word' id='word_1_267' title='bbox 163 4300 276 4375; x_wconf 52' lang='lat' dir='ltr'>‚qum</span> 
     </span>
     <span class='ocr_line' id='line_1_31' title="bbox 217 4406 1440 4492; baseline 0.002 -20"><span class='ocrx_word' id='word_1_268' title='bbox 217 4406 263 4482; x_wconf 79' lang='lat' dir='ltr'>(d)</span> <span class='ocrx_word' id='word_1_269' title='bbox 281 4414 314 4476; x_wconf 80' lang='lat' dir='ltr'>Si</span> <span class='ocrx_word' id='word_1_270' title='bbox 332 4414 492 4475; x_wconf 79' lang='lat' dir='ltr'>consideres</span> <span class='ocrx_word' id='word_1_271' title='bbox 509 4413 646 4473; x_wconf 80' lang='lat' dir='ltr'>virtutem</span> <span class='ocrx_word' id='word_1_272' title='bbox 658 4421 797 4491; x_wconf 64' lang='lat' dir='ltr'>uuquam</span> <span class='ocrx_word' id='word_1_273' title='bbox 814 4415 959 4492; x_wconf 87' lang='lat' dir='ltr'>proprium</span> <span class='ocrx_word' id='word_1_274' title='bbox 978 4410 1103 4474; x_wconf 84' lang='lat' dir='ltr'>officium</span> <span class='ocrx_word' id='word_1_275' title='bbox 1117 4412 1147 4472; x_wconf 89' lang='lat' dir='ltr'>iu</span> <span class='ocrx_word' id='word_1_276' title='bbox 1159 4412 1274 4491; x_wconf 73' lang='lat' dir='ltr'>mugnis</span> <span class='ocrx_word' id='word_1_277' title='bbox 1286 4412 1440 4490; x_wconf 81' lang='lat' dir='ltr'>arduisque</span> 
     </span>
     <span class='ocr_line' id='line_1_32' title="bbox 176 4524 1438 4605; baseline 0.002 -22"><span class='ocrx_word' id='word_1_278' title='bbox 176 4524 307 4603; x_wconf 80' lang='lat' dir='ltr'>negotiis,</span> <span class='ocrx_word' id='word_1_279' title='bbox 326 4527 407 4601; x_wconf 89' lang='lat' dir='ltr'>nulli,</span> <span class='ocrx_word' id='word_1_280' title='bbox 428 4546 483 4587; x_wconf 86' lang='lat' dir='ltr'>nec</span> <span class='ocrx_word' id='word_1_281' title='bbox 501 4525 557 4605; x_wconf 78' lang='lat' dir='ltr'>ipsi</span> <span class='ocrx_word' id='word_1_282' title='bbox 577 4527 724 4604; x_wconf 77' lang='lat' dir='ltr'>magistro,</span> <span class='ocrx_word' id='word_1_283' title='bbox 746 4546 783 4587; x_wconf 85' lang='lat' dir='ltr'>ex</span> <span class='ocrx_word' id='word_1_284' title='bbox 803 4525 976 4603; x_wconf 69' lang='lat' dir='ltr'>humilitate,</span> <span class='ocrx_word' id='word_1_285' title='bbox 998 4536 1136 4604; x_wconf 79' lang='lat' dir='ltr'>tunquam</span> <span class='ocrx_word' id='word_1_286' title='bbox 1156 4525 1316 4586; x_wconf 74' lang='lat' dir='ltr'>sustinendi</span> <span class='ocrx_word' id='word_1_287' title='bbox 1335 4527 1438 4605; x_wconf 79' lang='lat' dir='ltr'>impar,</span> 
     </span>
     <span class='ocr_line' id='line_1_33' title="bbox 178 4639 630 4718; baseline 0.002 -19"><span class='ocrx_word' id='word_1_288' title='bbox 178 4640 238 4718; x_wconf 80' lang='lat' dir='ltr'>ejus</span> <span class='ocrx_word' id='word_1_289' title='bbox 250 4643 418 4703; x_wconf 80' lang='lat' dir='ltr'>exercitium</span> <span class='ocrx_word' id='word_1_290' title='bbox 431 4640 531 4700; x_wconf 84' lang='lat' dir='ltr'>cedere</span> <span class='ocrx_word' id='word_1_291' title='bbox 543 4639 630 4700; x_wconf 81' lang='lat' dir='ltr'>voice.</span> 
     </span>
    </p>

    <p class='ocr_par' dir='ltr' id='par_1_15' title="bbox 217 4745 892 4824">
     <span class='ocr_line' id='line_1_34' title="bbox 217 4745 892 4824; baseline 0.004 -10"><span class='ocrx_word' id='word_1_292' title='bbox 217 4745 260 4824; x_wconf 77' lang='lat'>(4)</span> <span class='ocrx_word' id='word_1_293' title='bbox 279 4755 429 4821; x_wconf 80' lang='lat' dir='ltr'>Imtitutio</span> <span class='ocrx_word' id='word_1_294' title='bbox 441 4772 500 4817; x_wconf 89' lang='lat' dir='ltr'>uon</span> <span class='ocrx_word' id='word_1_295' title='bbox 514 4751 640 4817; x_wconf 83' lang='lat' dir='ltr'>excludit</span> <span class='ocrx_word' id='word_1_296' title='bbox 651 4754 781 4817; x_wconf 80' lang='lat' dir='ltr'>homines</span> <span class='ocrx_word' id='word_1_297' title='bbox 794 4753 892 4817; x_wconf 79' lang='lat' dir='ltr'>maios</span> 
     </span>
    </p>

    <p class='ocr_par' dir='ltr' id='par_1_16' title="bbox 256 4887 278 4929">
     <span class='ocr_line' id='line_1_35' title="bbox 256 4887 278 4929; baseline 0 0"><span class='ocrx_word' id='word_1_298' title='bbox 256 4887 278 4929; x_wconf 87' lang='lat' dir='ltr'>n</span> 
     </span>
    </p>
   </div>
   <div class='ocr_carea' id='block_1_6' title="bbox 0 0 1805 5664">
    <p class='ocr_par' dir='ltr' id='par_1_17' title="bbox 0 0 1805 5664">
     <span class='ocr_line' id='line_1_36' title="bbox 0 0 1805 5664; baseline 0 0"><span class='ocrx_word' id='word_1_299' title='bbox 0 0 1805 5664; x_wconf 95' lang='lat' dir='ltr'> </span> 
     </span>
    </p>
   </div>
  </div>
 </body>
</html>
