<?xml version="1.0" encoding="UTF-8"?>
<!DOCTYPE html PUBLIC "-//W3C//DTD XHTML 1.0 Transitional//EN"
    "http://www.w3.org/TR/xhtml1/DTD/xhtml1-transitional.dtd">
<html xmlns="http://www.w3.org/1999/xhtml" xml:lang="en" lang="en">
 <head>
  <title>
</title>
<meta http-equiv="Content-Type" content="text/html;charset=utf-8" />
  <meta name='ocr-system' content='tesseract 3.04.00' />
  <meta name='ocr-capabilities' content='ocr_page ocr_carea ocr_par ocr_line ocrx_word'/>
</head>
<body>
  <div class='ocr_page' id='page_1' title='image "./cursuslitteratu00zottgoog_0387.png"; bbox 0 0 3574 5664; ppageno 0'>
   <div class='ocr_carea' id='block_1_1' title="bbox 531 485 1456 544">
    <p class='ocr_par' dir='ltr' id='par_1_1' title="bbox 531 485 1456 544">
     <span class='ocr_line' id='line_1_1' title="bbox 531 485 1456 544; baseline 0.005 -5"><span class='ocrx_word' id='word_1_1' title='bbox 531 496 627 540; x_wconf 68' lang='lat' dir='ltr'><strong>aaron</strong></span> <span class='ocrx_word' id='word_1_2' title='bbox 646 494 796 539; x_wconf 71' lang='lat' dir='ltr'><strong>minuar</strong></span> <span class='ocrx_word' id='word_1_3' title='bbox 808 511 851 525; x_wconf 88' lang='lat'>—</span> <span class='ocrx_word' id='word_1_4' title='bbox 862 497 936 538; x_wconf 77' lang='lat' dir='ltr'><strong>rans</strong></span> <span class='ocrx_word' id='word_1_5' title='bbox 954 497 1116 542; x_wconf 76' lang='lat' dir='ltr'><strong>mensumn</strong></span> <span class='ocrx_word' id='word_1_6' title='bbox 1397 485 1456 544; x_wconf 73' lang='lat' dir='ltr'><strong>tto</strong></span> 
     </span>
    </p>
   </div>
   <div class='ocr_carea' id='block_1_2' title="bbox 182 608 1458 3077">
    <p class='ocr_par' dir='ltr' id='par_1_2' title="bbox 242 608 1380 697">
     <span class='ocr_line' id='line_1_2' title="bbox 242 608 1380 697; baseline 0.001 -22"><span class='ocrx_word' id='word_1_7' title='bbox 242 610 295 675; x_wconf 73' lang='lat'><strong>39.</strong></span> <span class='ocrx_word' id='word_1_8' title='bbox 321 609 523 690; x_wconf 79' lang='lat' dir='ltr'><strong>Philosophus</strong></span> <span class='ocrx_word' id='word_1_9' title='bbox 535 609 579 672; x_wconf 86' lang='lat' dir='ltr'><strong>ait</strong></span> <span class='ocrx_word' id='word_1_10' title='bbox 595 629 603 672; x_wconf 75' lang='grc' dir='ltr'>ε</span> <span class='ocrx_word' id='word_1_11' title='bbox 622 608 673 688; x_wconf 87' lang='lat' dir='ltr'><strong>qui</strong></span> <span class='ocrx_word' id='word_1_12' title='bbox 688 608 731 673; x_wconf 90' lang='lat' dir='ltr'><strong>sic</strong></span> <span class='ocrx_word' id='word_1_13' title='bbox 746 608 941 687; x_wconf 74' lang='lat' dir='ltr'><strong>facesserunt,</strong></span> <span class='ocrx_word' id='word_1_14' title='bbox 958 616 1071 689; x_wconf 78' lang='lat' dir='ltr'><strong>septem</strong></span> <span class='ocrx_word' id='word_1_15' title='bbox 1088 618 1158 676; x_wconf 91' lang='lat' dir='ltr'><strong>sunt</strong></span> <span class='ocrx_word' id='word_1_16' title='bbox 1173 612 1309 676; x_wconf 90' lang='lat' dir='ltr'><strong>homines</strong></span> <span class='ocrx_word' id='word_1_17' title='bbox 1326 608 1380 697; x_wconf 86' lang='lat' dir='ltr'><strong>(l).</strong></span> 
     </span>
    </p>

    <p class='ocr_par' dir='ltr' id='par_1_3' title="bbox 182 722 1457 1032">
     <span class='ocr_line' id='line_1_3' title="bbox 241 722 1456 804; baseline 0.002 -15"><span class='ocrx_word' id='word_1_18' title='bbox 241 724 295 791; x_wconf 91' lang='grc'><strong>40.</strong></span> <span class='ocrx_word' id='word_1_19' title='bbox 320 723 382 788; x_wconf 85' lang='lat' dir='ltr'><strong>Tse</strong></span> <span class='ocrx_word' id='word_1_20' title='bbox 397 723 447 788; x_wconf 94' lang='lat' dir='ltr'><strong>lou</strong></span> <span class='ocrx_word' id='word_1_21' title='bbox 463 722 647 803; x_wconf 86' lang='lat' dir='ltr'><strong>pemectarit</strong></span> <span class='ocrx_word' id='word_1_22' title='bbox 662 722 692 785; x_wconf 90' lang='lat' dir='ltr'><strong>in</strong></span> <span class='ocrx_word' id='word_1_23' title='bbox 707 722 768 787; x_wconf 82' lang='lat' dir='ltr'><strong>dhe</strong></span> <span class='ocrx_word' id='word_1_24' title='bbox 784 738 863 787; x_wconf 84' lang='lat' dir='ltr'><strong>uren.</strong></span> <span class='ocrx_word' id='word_1_25' title='bbox 892 722 1056 787; x_wconf 79' lang='lat' dir='ltr'><strong>Matutinus</strong></span> <span class='ocrx_word' id='word_1_26' title='bbox 1075 725 1187 804; x_wconf 84' lang='lat' dir='ltr'><strong>janitor</strong></span> <span class='ocrx_word' id='word_1_27' title='bbox 1200 726 1243 789; x_wconf 84' lang='lat' dir='ltr'><strong>ait</strong></span> <span class='ocrx_word' id='word_1_28' title='bbox 1260 745 1267 788; x_wconf 92' lang='lat'>:</span> <span class='ocrx_word' id='word_1_29' title='bbox 1284 726 1456 793; x_wconf 77' lang='lat' dir='ltr'><strong>undenam?</strong></span> 
     </span>
     <span class='ocr_line' id='line_1_4' title="bbox 183 822 1457 922; baseline 0.004 -22"><span class='ocrx_word' id='word_1_30' title='bbox 183 838 242 904; x_wconf 78' lang='lat' dir='ltr'><strong>use</strong></span> <span class='ocrx_word' id='word_1_31' title='bbox 258 839 310 902; x_wconf 84' lang='lat' dir='ltr'><strong>rou</strong></span> <span class='ocrx_word' id='word_1_32' title='bbox 326 836 481 916; x_wconf 72' lang='lat' dir='ltr'><strong>respuunt</strong></span> <span class='ocrx_word' id='word_1_33' title='bbox 497 854 504 900; x_wconf 87' lang='lat'><strong>:</strong></span> <span class='ocrx_word' id='word_1_34' title='bbox 522 851 559 901; x_wconf 72' lang='lat' dir='ltr'><strong>ex</strong></span> <span class='ocrx_word' id='word_1_35' title='bbox 573 836 678 917; x_wconf 73' lang='lat' dir='ltr'><strong>rung</strong></span> <span class='ocrx_word' id='word_1_36' title='bbox 692 836 913 918; x_wconf 75' lang='lat' dir='ltr'><strong>cognominato.</strong></span> <span class='ocrx_word' id='word_1_37' title='bbox 935 835 984 899; x_wconf 76' lang='lat' dir='ltr'><strong>nro</strong></span> <span class='ocrx_word' id='word_1_38' title='bbox 1000 856 1008 899; x_wconf 87' lang='lat'><strong>:</strong></span> <span class='ocrx_word' id='word_1_39' title='bbox 1023 836 1051 900; x_wconf 78' lang='lat' dir='ltr'><strong>rs</strong></span> <span class='ocrx_word' id='word_1_40' title='bbox 1066 837 1191 917; x_wconf 79' lang='lat' dir='ltr'><strong>scilicet,</strong></span> <span class='ocrx_word' id='word_1_41' title='bbox 1209 822 1457 922; x_wconf 68' lang='lat' dir='ltr'><strong>quemcunque</strong></span> 
     </span>
     <span class='ocr_line' id='line_1_5' title="bbox 182 945 850 1032; baseline -0.003 -18"><span class='ocrx_word' id='word_1_42' title='bbox 182 950 382 1032; x_wconf 88' lang='lat' dir='ltr'><strong>impossihile,</strong></span> <span class='ocrx_word' id='word_1_43' title='bbox 399 955 431 1014; x_wconf 88' lang='lat' dir='ltr'><strong>et</strong></span> <span class='ocrx_word' id='word_1_44' title='bbox 444 956 545 1013; x_wconf 89' lang='lat' dir='ltr'><strong>tamen</strong></span> <span class='ocrx_word' id='word_1_45' title='bbox 561 948 689 1028; x_wconf 91' lang='lat' dir='ltr'><strong>idipsum</strong></span> <span class='ocrx_word' id='word_1_46' title='bbox 705 950 768 1031; x_wconf 79' lang='lat' dir='ltr'><strong>agit</strong></span> <span class='ocrx_word' id='word_1_47' title='bbox 785 945 850 1032; x_wconf 70' lang='lat' dir='ltr'><strong>(ill</strong></span> 
     </span>
    </p>

    <p class='ocr_par' dir='ltr' id='par_1_4' title="bbox 184 1062 1458 1717">
     <span class='ocr_line' id='line_1_6' title="bbox 242 1062 1456 1148; baseline 0.002 -18"><span class='ocrx_word' id='word_1_48' title='bbox 242 1066 298 1130; x_wconf 85' lang='grc'><strong>41.</strong></span> <span class='ocrx_word' id='word_1_49' title='bbox 322 1063 521 1142; x_wconf 79' lang='lat' dir='ltr'><strong>Philosophus</strong></span> <span class='ocrx_word' id='word_1_50' title='bbox 535 1062 673 1142; x_wconf 85' lang='lat' dir='ltr'><strong>pulsabat</strong></span> <span class='ocrx_word' id='word_1_51' title='bbox 688 1063 925 1142; x_wconf 86' lang='lat' dir='ltr'><strong>chalcophonum</strong></span> <span class='ocrx_word' id='word_1_52' title='bbox 934 1062 967 1126; x_wconf 93' lang='lat' dir='ltr'><strong>in</strong></span> <span class='ocrx_word' id='word_1_53' title='bbox 978 1064 1060 1140; x_wconf 89' lang='lat' dir='ltr'><strong>Wei;</strong></span> <span class='ocrx_word' id='word_1_54' title='bbox 1079 1063 1198 1144; x_wconf 78' lang='lat' dir='ltr'><strong>huitoni</strong></span> <span class='ocrx_word' id='word_1_55' title='bbox 1213 1073 1336 1148; x_wconf 74' lang='lat' dir='ltr'><strong>gestans</strong></span> <span class='ocrx_word' id='word_1_56' title='bbox 1351 1067 1456 1132; x_wconf 90' lang='lat' dir='ltr'><strong>corbu-</strong></span> 
     </span>
     <span class='ocr_line' id='line_1_7' title="bbox 184 1174 1458 1259; baseline 0.002 -17"><span class='ocrx_word' id='word_1_57' title='bbox 184 1178 241 1257; x_wconf 87' lang='lat' dir='ltr'><strong>las,</strong></span> <span class='ocrx_word' id='word_1_58' title='bbox 253 1185 287 1243; x_wconf 91' lang='lat' dir='ltr'><strong>et</strong></span> <span class='ocrx_word' id='word_1_59' title='bbox 300 1176 504 1259; x_wconf 84' lang='lat' dir='ltr'><strong>pertransiens</strong></span> <span class='ocrx_word' id='word_1_60' title='bbox 518 1174 650 1240; x_wconf 71' lang='lat' dir='ltr'><strong>Conlucii</strong></span> <span class='ocrx_word' id='word_1_61' title='bbox 662 1175 798 1256; x_wconf 74' lang='lat' dir='ltr'><strong>junctam,</strong></span> <span class='ocrx_word' id='word_1_62' title='bbox 814 1178 992 1241; x_wconf 81' lang='lat' dir='ltr'><strong>exclamarit</strong></span> <span class='ocrx_word' id='word_1_63' title='bbox 1004 1197 1012 1240; x_wconf 74' lang='grc' dir='ltr'>ε</span> <span class='ocrx_word' id='word_1_64' title='bbox 1024 1184 1137 1257; x_wconf 88' lang='lat' dir='ltr'><strong>quanto</strong></span> <span class='ocrx_word' id='word_1_65' title='bbox 1153 1194 1220 1242; x_wconf 92' lang='lat' dir='ltr'><strong>cum</strong></span> <span class='ocrx_word' id='word_1_66' title='bbox 1235 1179 1343 1244; x_wconf 84' lang='lat' dir='ltr'><strong>ellectu</strong></span> <span class='ocrx_word' id='word_1_67' title='bbox 1358 1182 1458 1259; x_wconf 91' lang='lat' dir='ltr'><strong>pulsat</strong></span> 
     </span>
     <span class='ocr_line' id='line_1_8' title="bbox 184 1285 1456 1373; baseline 0 -16"><span class='ocrx_word' id='word_1_68' title='bbox 184 1293 426 1372; x_wconf 81' lang='lat' dir='ltr'><strong>chalcophonum</strong></span> <span class='ocrx_word' id='word_1_69' title='bbox 443 1285 503 1373; x_wconf 80' lang='lat'><strong>(3)¹</strong></span> <span class='ocrx_word' id='word_1_70' title='bbox 525 1289 719 1355; x_wconf 84' lang='lat' dir='ltr'><strong>Postmodum</strong></span> <span class='ocrx_word' id='word_1_71' title='bbox 734 1304 806 1355; x_wconf 90' lang='lat' dir='ltr'><strong>vero</strong></span> <span class='ocrx_word' id='word_1_72' title='bbox 821 1289 974 1369; x_wconf 78' lang='lat' dir='ltr'><strong>subiunxit</strong></span> <span class='ocrx_word' id='word_1_73' title='bbox 989 1310 999 1355; x_wconf 78' lang='lat' dir='ltr'><strong><em>z</em></strong></span> <span class='ocrx_word' id='word_1_74' title='bbox 1017 1292 1072 1355; x_wconf 91' lang='lat' dir='ltr'><strong>ohl</strong></span> <span class='ocrx_word' id='word_1_75' title='bbox 1093 1307 1183 1371; x_wconf 81' lang='lat' dir='ltr'><strong>quam</strong></span> <span class='ocrx_word' id='word_1_76' title='bbox 1198 1293 1282 1356; x_wconf 87' lang='lat' dir='ltr'><strong>rudis</strong></span> <span class='ocrx_word' id='word_1_77' title='bbox 1296 1292 1361 1372; x_wconf 78' lang='lat' dir='ltr'><strong>ejus</strong></span> <span class='ocrx_word' id='word_1_78' title='bbox 1376 1294 1456 1357; x_wconf 92' lang='lat' dir='ltr'><strong>duri-</strong></span> 
     </span>
     <span class='ocr_line' id='line_1_9' title="bbox 184 1403 1457 1487; baseline 0.002 -18"><span class='ocrx_word' id='word_1_79' title='bbox 184 1405 257 1471; x_wconf 79' lang='lat' dir='ltr'><strong>tiasl</strong></span> <span class='ocrx_word' id='word_1_80' title='bbox 287 1405 383 1470; x_wconf 91' lang='lat' dir='ltr'><strong>Nemo</strong></span> <span class='ocrx_word' id='word_1_81' title='bbox 397 1404 496 1483; x_wconf 92' lang='lat' dir='ltr'><strong>ipsum</strong></span> <span class='ocrx_word' id='word_1_82' title='bbox 510 1403 663 1487; x_wconf 73' lang='lat' dir='ltr'><strong>agnoscit3</strong></span> <span class='ocrx_word' id='word_1_83' title='bbox 686 1418 759 1486; x_wconf 78' lang='lat' dir='ltr'><strong>ergo</strong></span> <span class='ocrx_word' id='word_1_84' title='bbox 773 1403 963 1480; x_wconf 84' lang='lat' dir='ltr'><strong>cessandum,</strong></span> <span class='ocrx_word' id='word_1_85' title='bbox 981 1410 1011 1468; x_wconf 91' lang='lat' dir='ltr'><strong>et</strong></span> <span class='ocrx_word' id='word_1_86' title='bbox 1026 1404 1100 1468; x_wconf 90' lang='lat' dir='ltr'><strong>nihil</strong></span> <span class='ocrx_word' id='word_1_87' title='bbox 1115 1405 1207 1469; x_wconf 87' lang='lat' dir='ltr'><strong>aliud.</strong></span> <span class='ocrx_word' id='word_1_88' title='bbox 1238 1405 1268 1468; x_wconf 91' lang='lat' dir='ltr'><strong>Si</strong></span> <span class='ocrx_word' id='word_1_89' title='bbox 1283 1406 1457 1485; x_wconf 80' lang='lat' dir='ltr'><strong>profundior</strong></span> 
     </span>
     <span class='ocr_line' id='line_1_10' title="bbox 184 1516 1457 1598; baseline -0.001 -13"><span class='ocrx_word' id='word_1_90' title='bbox 184 1519 354 1595; x_wconf 75' lang='lat' dir='ltr'><strong>testaudus,</strong></span> <span class='ocrx_word' id='word_1_91' title='bbox 373 1524 444 1581; x_wconf 90' lang='lat' dir='ltr'><strong>tunc</strong></span> <span class='ocrx_word' id='word_1_92' title='bbox 459 1530 550 1597; x_wconf 80' lang='lat' dir='ltr'><strong>supra</strong></span> <span class='ocrx_word' id='word_1_93' title='bbox 566 1532 670 1580; x_wconf 88' lang='lat' dir='ltr'><strong>zonam</strong></span> <span class='ocrx_word' id='word_1_94' title='bbox 685 1516 813 1580; x_wconf 90' lang='lat' dir='ltr'><strong>amictus</strong></span> <span class='ocrx_word' id='word_1_95' title='bbox 828 1516 974 1596; x_wconf 80' lang='lat' dir='ltr'><strong>trajicias;</strong></span> <span class='ocrx_word' id='word_1_96' title='bbox 991 1517 1017 1581; x_wconf 90' lang='lat' dir='ltr'><strong>si</strong></span> <span class='ocrx_word' id='word_1_97' title='bbox 1026 1519 1207 1598; x_wconf 87' lang='lat' dir='ltr'><strong>depressior,</strong></span> <span class='ocrx_word' id='word_1_98' title='bbox 1225 1525 1296 1584; x_wconf 88' lang='lat' dir='ltr'><strong>tune</strong></span> <span class='ocrx_word' id='word_1_99' title='bbox 1310 1528 1409 1584; x_wconf 91' lang='lat' dir='ltr'><strong>restes</strong></span> <span class='ocrx_word' id='word_1_100' title='bbox 1419 1520 1457 1584; x_wconf 93' lang='lat' dir='ltr'><strong>ad</strong></span> 
     </span>
     <span class='ocr_line' id='line_1_11' title="bbox 185 1626 1409 1717; baseline -0.001 -19"><span class='ocrx_word' id='word_1_101' title='bbox 185 1648 267 1717; x_wconf 56' lang='lat' dir='ltr'><strong>mnu</strong></span> <span class='ocrx_word' id='word_1_102' title='bbox 282 1631 427 1712; x_wconf 87' lang='lat' dir='ltr'><strong>corripias</strong></span> <span class='ocrx_word' id='word_1_103' title='bbox 441 1626 498 1713; x_wconf 87' lang='grc'><strong>(4).</strong></span> <span class='ocrx_word' id='word_1_104' title='bbox 520 1628 680 1694; x_wconf 83' lang='lat' dir='ltr'><strong>doniuoius</strong></span> <span class='ocrx_word' id='word_1_105' title='bbox 694 1629 736 1693; x_wconf 91' lang='lat' dir='ltr'><strong>ait</strong></span> <span class='ocrx_word' id='word_1_106' title='bbox 753 1650 761 1694; x_wconf 92' lang='lat'>:</span> <span class='ocrx_word' id='word_1_107' title='bbox 779 1629 804 1694; x_wconf 90' lang='lat'>0</span> <span class='ocrx_word' id='word_1_108' title='bbox 819 1630 1030 1710; x_wconf 84' lang='lat' dir='ltr'><strong>pertinaciam!</strong></span> <span class='ocrx_word' id='word_1_109' title='bbox 1047 1630 1087 1695; x_wconf 80' lang='lat' dir='ltr'><strong>dt</strong></span> <span class='ocrx_word' id='word_1_110' title='bbox 1101 1648 1160 1696; x_wconf 95' lang='lat' dir='ltr'><strong>non</strong></span> <span class='ocrx_word' id='word_1_111' title='bbox 1176 1632 1205 1695; x_wconf 94' lang='lat' dir='ltr'><strong>id</strong></span> <span class='ocrx_word' id='word_1_112' title='bbox 1220 1632 1336 1697; x_wconf 80' lang='lat' dir='ltr'><strong>difficile</strong></span> <span class='ocrx_word' id='word_1_113' title='bbox 1354 1629 1409 1717; x_wconf 75' lang='lat'><strong>(5).</strong></span> 
     </span>
    </p>

    <p class='ocr_par' dir='ltr' id='par_1_5' title="bbox 186 1740 1457 2281">
     <span class='ocr_line' id='line_1_12' title="bbox 244 1740 1457 1827; baseline -0.001 -15"><span class='ocrx_word' id='word_1_114' title='bbox 244 1746 299 1812; x_wconf 73' lang='grc'><strong>42.</strong></span> <span class='ocrx_word' id='word_1_115' title='bbox 322 1746 381 1809; x_wconf 83' lang='lat' dir='ltr'><strong>Tse</strong></span> <span class='ocrx_word' id='word_1_116' title='bbox 396 1744 510 1825; x_wconf 79' lang='lat' dir='ltr'><strong>tehang</strong></span> <span class='ocrx_word' id='word_1_117' title='bbox 523 1743 566 1807; x_wconf 84' lang='lat' dir='ltr'><strong>ait</strong></span> <span class='ocrx_word' id='word_1_118' title='bbox 583 1763 591 1806; x_wconf 91' lang='lat'>:</span> <span class='ocrx_word' id='word_1_119' title='bbox 607 1740 772 1808; x_wconf 79' lang='lat' dir='ltr'><strong>Annalibus</strong></span> <span class='ocrx_word' id='word_1_120' title='bbox 791 1743 899 1808; x_wconf 90' lang='lat' dir='ltr'><strong>dicitur</strong></span> <span class='ocrx_word' id='word_1_121' title='bbox 920 1743 1082 1824; x_wconf 80' lang='lat' dir='ltr'><strong>imperator</strong></span> <span class='ocrx_word' id='word_1_122' title='bbox 1102 1747 1166 1811; x_wconf 82' lang='lat' dir='ltr'><strong>lino</strong></span> <span class='ocrx_word' id='word_1_123' title='bbox 1186 1751 1288 1827; x_wconf 77' lang='lat' dir='ltr'><strong>hung,</strong></span> <span class='ocrx_word' id='word_1_124' title='bbox 1309 1748 1457 1825; x_wconf 74' lang='lat' dir='ltr'><strong>parentali</strong></span> 
     </span>
     <span class='ocr_line' id='line_1_13' title="bbox 186 1855 1456 1943; baseline 0.001 -19"><span class='ocrx_word' id='word_1_125' title='bbox 186 1860 282 1935; x_wconf 89' lang='lat' dir='ltr'><strong>luctu,</strong></span> <span class='ocrx_word' id='word_1_126' title='bbox 301 1866 363 1923; x_wconf 87' lang='lat' dir='ltr'><strong>tres</strong></span> <span class='ocrx_word' id='word_1_127' title='bbox 377 1871 473 1921; x_wconf 88' lang='lat' dir='ltr'><strong>annos</strong></span> <span class='ocrx_word' id='word_1_128' title='bbox 487 1873 547 1923; x_wconf 88' lang='lat' dir='ltr'><strong>nou</strong></span> <span class='ocrx_word' id='word_1_129' title='bbox 562 1856 654 1921; x_wconf 85' lang='lat' dir='ltr'><strong>tuisse</strong></span> <span class='ocrx_word' id='word_1_130' title='bbox 670 1858 802 1935; x_wconf 65' lang='lat' dir='ltr'><strong>locutum</strong></span> <span class='ocrx_word' id='word_1_131' title='bbox 822 1858 895 1938; x_wconf 85' lang='lat' dir='ltr'><strong>quid</strong></span> <span class='ocrx_word' id='word_1_132' title='bbox 910 1858 1059 1940; x_wconf 77' lang='lat' dir='ltr'><strong>significat</strong></span> <span class='ocrx_word' id='word_1_133' title='bbox 1077 1855 1141 1943; x_wconf 75' lang='lat' dir='ltr'><strong>(dli</strong></span> <span class='ocrx_word' id='word_1_134' title='bbox 1160 1858 1319 1923; x_wconf 86' lang='lat' dir='ltr'><strong>Gonlncius</strong></span> <span class='ocrx_word' id='word_1_135' title='bbox 1334 1875 1456 1940; x_wconf 88' lang='lat' dir='ltr'><strong>respon·</strong></span> 
     </span>
     <span class='ocr_line' id='line_1_14' title="bbox 187 1969 1456 2054; baseline -0.002 -16"><span class='ocrx_word' id='word_1_136' title='bbox 187 1973 230 2038; x_wconf 86' lang='lat' dir='ltr'><strong>dit</strong></span> <span class='ocrx_word' id='word_1_137' title='bbox 247 1993 254 2037; x_wconf 93' lang='lat'><strong>:</strong></span> <span class='ocrx_word' id='word_1_138' title='bbox 273 1972 344 2054; x_wconf 86' lang='lat' dir='ltr'><strong>quid</strong></span> <span class='ocrx_word' id='word_1_139' title='bbox 359 1970 541 2036; x_wconf 76' lang='lat' dir='ltr'><strong>determinas</strong></span> <span class='ocrx_word' id='word_1_140' title='bbox 555 1972 619 2035; x_wconf 88' lang='lat' dir='ltr'><strong>Kao</strong></span> <span class='ocrx_word' id='word_1_141' title='bbox 634 1976 746 2053; x_wconf 81' lang='lat' dir='ltr'><strong>tsongl</strong></span> <span class='ocrx_word' id='word_1_142' title='bbox 766 1969 958 2050; x_wconf 80' lang='lat' dir='ltr'><strong>hutiquimtis</strong></span> <span class='ocrx_word' id='word_1_143' title='bbox 973 1973 1109 2036; x_wconf 91' lang='lat' dir='ltr'><strong>homines</strong></span> <span class='ocrx_word' id='word_1_144' title='bbox 1123 1988 1227 2037; x_wconf 90' lang='lat' dir='ltr'><strong>omnes</strong></span> <span class='ocrx_word' id='word_1_145' title='bbox 1237 1973 1278 2035; x_wconf 88' lang='lat' dir='ltr'><strong>ita</strong></span> <span class='ocrx_word' id='word_1_146' title='bbox 1297 1993 1304 2036; x_wconf 76' lang='grc' dir='ltr'><strong><em>ε</em></strong></span> <span class='ocrx_word' id='word_1_147' title='bbox 1324 1973 1456 2054; x_wconf 86' lang='lat' dir='ltr'><strong>principe</strong></span> 
     </span>
     <span class='ocr_line' id='line_1_15' title="bbox 187 2083 1455 2166; baseline 0 -15"><span class='ocrx_word' id='word_1_148' title='bbox 187 2086 336 2163; x_wconf 81' lang='lat' dir='ltr'><strong>defuncto,</strong></span> <span class='ocrx_word' id='word_1_149' title='bbox 352 2083 465 2165; x_wconf 76' lang='lat' dir='ltr'><strong>singuli</strong></span> <span class='ocrx_word' id='word_1_150' title='bbox 481 2084 610 2164; x_wconf 77' lang='lat' dir='ltr'><strong>preteeti</strong></span> <span class='ocrx_word' id='word_1_151' title='bbox 625 2085 790 2166; x_wconf 77' lang='lat' dir='ltr'><strong>generatim</strong></span> <span class='ocrx_word' id='word_1_152' title='bbox 805 2084 1052 2148; x_wconf 86' lang='lat' dir='ltr'><strong>administrabant</strong></span> <span class='ocrx_word' id='word_1_153' title='bbox 1067 2086 1197 2165; x_wconf 90' lang='lat' dir='ltr'><strong>propria,</strong></span> <span class='ocrx_word' id='word_1_154' title='bbox 1210 2102 1278 2150; x_wconf 90' lang='lat' dir='ltr'><strong>oum</strong></span> <span class='ocrx_word' id='word_1_155' title='bbox 1287 2086 1455 2166; x_wconf 87' lang='lat' dir='ltr'><strong>dependen-</strong></span> 
     </span>
     <span class='ocr_line' id='line_1_16' title="bbox 188 2198 835 2281; baseline -0.005 -17"><span class='ocrx_word' id='word_1_156' title='bbox 188 2200 229 2264; x_wconf 85' lang='lat' dir='ltr'><strong>tia</strong></span> <span class='ocrx_word' id='word_1_157' title='bbox 242 2214 263 2264; x_wconf 86' lang='lat' dir='ltr'><strong>a</strong></span> <span class='ocrx_word' id='word_1_158' title='bbox 278 2198 420 2281; x_wconf 90' lang='lat' dir='ltr'><strong>primario</strong></span> <span class='ocrx_word' id='word_1_159' title='bbox 435 2198 573 2263; x_wconf 87' lang='lat' dir='ltr'><strong>ministro</strong></span> <span class='ocrx_word' id='word_1_160' title='bbox 588 2213 641 2277; x_wconf 92' lang='lat' dir='ltr'><strong>per</strong></span> <span class='ocrx_word' id='word_1_161' title='bbox 656 2204 717 2262; x_wconf 89' lang='lat' dir='ltr'><strong>tres</strong></span> <span class='ocrx_word' id='word_1_162' title='bbox 729 2213 835 2262; x_wconf 86' lang='lat' dir='ltr'><strong>annos.</strong></span> 
     </span>
    </p>

    <p class='ocr_par' dir='ltr' id='par_1_6' title="bbox 189 2311 1457 2492">
     <span class='ocr_line' id='line_1_17' title="bbox 247 2311 1457 2393; baseline 0.002 -14"><span class='ocrx_word' id='word_1_163' title='bbox 247 2315 300 2379; x_wconf 84' lang='lat'><strong>43.</strong></span> <span class='ocrx_word' id='word_1_164' title='bbox 324 2312 523 2392; x_wconf 87' lang='lat' dir='ltr'><strong>Philosophus</strong></span> <span class='ocrx_word' id='word_1_165' title='bbox 546 2311 589 2376; x_wconf 92' lang='lat' dir='ltr'><strong>ait</strong></span> <span class='ocrx_word' id='word_1_166' title='bbox 611 2331 620 2375; x_wconf 90' lang='lat'>:</span> <span class='ocrx_word' id='word_1_167' title='bbox 647 2311 672 2376; x_wconf 91' lang='lat' dir='ltr'><strong>si</strong></span> <span class='ocrx_word' id='word_1_168' title='bbox 694 2311 829 2393; x_wconf 89' lang='lat' dir='ltr'><strong>superior</strong></span> <span class='ocrx_word' id='word_1_169' title='bbox 850 2318 931 2378; x_wconf 84' lang='lat' dir='ltr'><strong>amet</strong></span> <span class='ocrx_word' id='word_1_170' title='bbox 952 2312 1098 2391; x_wconf 90' lang='lat' dir='ltr'><strong>ordinem,</strong></span> <span class='ocrx_word' id='word_1_171' title='bbox 1130 2320 1200 2378; x_wconf 88' lang='lat' dir='ltr'><strong>tuuc</strong></span> <span class='ocrx_word' id='word_1_172' title='bbox 1221 2311 1349 2393; x_wconf 88' lang='lat' dir='ltr'><strong>populus</strong></span> <span class='ocrx_word' id='word_1_173' title='bbox 1370 2314 1457 2381; x_wconf 85' lang='lat' dir='ltr'><strong>lacile</strong></span> 
     </span>
     <span class='ocr_line' id='line_1_18' title="bbox 189 2428 360 2492; baseline 0.006 -1"><span class='ocrx_word' id='word_1_174' title='bbox 189 2428 360 2492; x_wconf 80' lang='lat' dir='ltr'><strong>mandatur.</strong></span> 
     </span>
    </p>

    <p class='ocr_par' dir='ltr' id='par_1_7' title="bbox 191 2539 1457 3077">
     <span class='ocr_line' id='line_1_19' title="bbox 248 2539 1457 2623; baseline -0.001 -18"><span class='ocrx_word' id='word_1_175' title='bbox 248 2542 300 2605; x_wconf 84' lang='grc'><strong>44.</strong></span> <span class='ocrx_word' id='word_1_176' title='bbox 323 2542 382 2606; x_wconf 83' lang='lat' dir='ltr'><strong>Tse</strong></span> <span class='ocrx_word' id='word_1_177' title='bbox 397 2540 448 2604; x_wconf 95' lang='lat' dir='ltr'><strong>lou</strong></span> <span class='ocrx_word' id='word_1_178' title='bbox 461 2539 658 2623; x_wconf 79' lang='lat' dir='ltr'><strong>interrogarit</strong></span> <span class='ocrx_word' id='word_1_179' title='bbox 672 2539 708 2603; x_wconf 94' lang='lat' dir='ltr'><strong>de</strong></span> <span class='ocrx_word' id='word_1_180' title='bbox 722 2540 787 2603; x_wconf 83' lang='lat' dir='ltr'><strong>uiro</strong></span> <span class='ocrx_word' id='word_1_181' title='bbox 802 2540 944 2620; x_wconf 88' lang='lat' dir='ltr'><strong>sapiente.</strong></span> <span class='ocrx_word' id='word_1_182' title='bbox 968 2539 1127 2605; x_wconf 80' lang='lat' dir='ltr'><strong>donincius</strong></span> <span class='ocrx_word' id='word_1_183' title='bbox 1142 2540 1294 2619; x_wconf 88' lang='lat' dir='ltr'><strong>respondit</strong></span> <span class='ocrx_word' id='word_1_184' title='bbox 1316 2560 1324 2602; x_wconf 77' lang='lat' dir='ltr'><em>z</em></span> <span class='ocrx_word' id='word_1_185' title='bbox 1347 2541 1457 2605; x_wconf 83' lang='lat' dir='ltr'><strong>excolit</strong></span> 
     </span>
     <span class='ocr_line' id='line_1_20' title="bbox 191 2651 1457 2736; baseline -0.002 -16"><span class='ocrx_word' id='word_1_186' title='bbox 191 2670 222 2720; x_wconf 90' lang='lat' dir='ltr'><strong>se</strong></span> <span class='ocrx_word' id='word_1_187' title='bbox 236 2670 290 2734; x_wconf 93' lang='lat' dir='ltr'><strong>per</strong></span> <span class='ocrx_word' id='word_1_188' title='bbox 304 2652 446 2734; x_wconf 87' lang='lat' dir='ltr'><strong>suiipsius</strong></span> <span class='ocrx_word' id='word_1_189' title='bbox 467 2653 664 2736; x_wconf 78' lang='lat' dir='ltr'><strong>vigilantiam.</strong></span> <span class='ocrx_word' id='word_1_190' title='bbox 693 2653 788 2716; x_wconf 88' lang='lat' dir='ltr'><strong>instat</strong></span> <span class='ocrx_word' id='word_1_191' title='bbox 806 2672 814 2715; x_wconf 77' lang='grc' dir='ltr'><strong><em>ε</em></strong></span> <span class='ocrx_word' id='word_1_192' title='bbox 832 2651 923 2729; x_wconf 87' lang='lat' dir='ltr'><strong>itanc,</strong></span> <span class='ocrx_word' id='word_1_193' title='bbox 944 2660 975 2717; x_wconf 89' lang='lat' dir='ltr'><strong>et</strong></span> <span class='ocrx_word' id='word_1_194' title='bbox 990 2653 1063 2716; x_wconf 90' lang='lat' dir='ltr'><strong>nihil</strong></span> <span class='ocrx_word' id='word_1_195' title='bbox 1086 2654 1236 2734; x_wconf 76' lang='lat' dir='ltr'><strong>amplius?</strong></span> <span class='ocrx_word' id='word_1_196' title='bbox 1256 2652 1306 2716; x_wconf 82' lang='lat' dir='ltr'><strong>Ait</strong></span> <span class='ocrx_word' id='word_1_197' title='bbox 1322 2673 1330 2716; x_wconf 79' lang='lat' dir='ltr'><strong>t</strong></span> <span class='ocrx_word' id='word_1_198' title='bbox 1347 2654 1457 2718; x_wconf 80' lang='lat' dir='ltr'><strong>excolit</strong></span> 
     </span>
     <span class='ocr_line' id='line_1_21' title="bbox 191 2766 1454 2848; baseline -0.002 -16"><span class='ocrx_word' id='word_1_199' title='bbox 191 2783 223 2833; x_wconf 88' lang='lat' dir='ltr'><strong>se</strong></span> <span class='ocrx_word' id='word_1_200' title='bbox 236 2767 363 2848; x_wconf 85' lang='lat' dir='ltr'><strong>indeque</strong></span> <span class='ocrx_word' id='word_1_201' title='bbox 383 2775 452 2831; x_wconf 86' lang='lat' dir='ltr'><strong>rota</strong></span> <span class='ocrx_word' id='word_1_202' title='bbox 472 2767 571 2846; x_wconf 84' lang='lat' dir='ltr'><strong>explet</strong></span> <span class='ocrx_word' id='word_1_203' title='bbox 592 2766 730 2829; x_wconf 88' lang='lat' dir='ltr'><strong>aliorum.</strong></span> <span class='ocrx_word' id='word_1_204' title='bbox 753 2766 848 2830; x_wconf 87' lang='lat' dir='ltr'><strong>instat</strong></span> <span class='ocrx_word' id='word_1_205' title='bbox 865 2787 872 2829; x_wconf 93' lang='lat'>:</span> <span class='ocrx_word' id='word_1_206' title='bbox 890 2767 981 2843; x_wconf 83' lang='lat' dir='ltr'><strong>itane,</strong></span> <span class='ocrx_word' id='word_1_207' title='bbox 998 2772 1029 2831; x_wconf 91' lang='lat' dir='ltr'><strong>et</strong></span> <span class='ocrx_word' id='word_1_208' title='bbox 1044 2774 1185 2846; x_wconf 78' lang='lat' dir='ltr'><strong>preterea</strong></span> <span class='ocrx_word' id='word_1_209' title='bbox 1202 2766 1298 2831; x_wconf 88' lang='lat' dir='ltr'><strong>nihilt</strong></span> <span class='ocrx_word' id='word_1_210' title='bbox 1316 2766 1366 2831; x_wconf 83' lang='lat' dir='ltr'><strong>hit</strong></span> <span class='ocrx_word' id='word_1_211' title='bbox 1381 2786 1388 2829; x_wconf 91' lang='lat'><strong>:</strong></span> <span class='ocrx_word' id='word_1_212' title='bbox 1404 2782 1454 2832; x_wconf 83' lang='lat' dir='ltr'><strong>eu·</strong></span> 
     </span>
     <span class='ocr_line' id='line_1_22' title="bbox 192 2878 1457 2961; baseline -0.002 -15"><span class='ocrx_word' id='word_1_213' title='bbox 192 2881 261 2946; x_wconf 86' lang='lat' dir='ltr'><strong>nolit</strong></span> <span class='ocrx_word' id='word_1_214' title='bbox 275 2897 308 2946; x_wconf 93' lang='lat' dir='ltr'><strong>se</strong></span> <span class='ocrx_word' id='word_1_215' title='bbox 322 2881 450 2961; x_wconf 82' lang='lat' dir='ltr'><strong>indeque</strong></span> <span class='ocrx_word' id='word_1_216' title='bbox 472 2880 644 2960; x_wconf 83' lang='lat' dir='ltr'><strong>tranquillat</strong></span> <span class='ocrx_word' id='word_1_217' title='bbox 664 2880 817 2960; x_wconf 88' lang='lat' dir='ltr'><strong>populum.</strong></span> <span class='ocrx_word' id='word_1_218' title='bbox 839 2878 981 2944; x_wconf 80' lang='lat' dir='ltr'><strong>Excolere</strong></span> <span class='ocrx_word' id='word_1_219' title='bbox 996 2894 1029 2945; x_wconf 90' lang='lat' dir='ltr'><strong>se</strong></span> <span class='ocrx_word' id='word_1_220' title='bbox 1044 2880 1081 2942; x_wconf 92' lang='lat' dir='ltr'><strong>ad</strong></span> <span class='ocrx_word' id='word_1_221' title='bbox 1097 2895 1199 2961; x_wconf 84' lang='lat' dir='ltr'><strong>pacem</strong></span> <span class='ocrx_word' id='word_1_222' title='bbox 1216 2880 1328 2960; x_wconf 80' lang='lat' dir='ltr'><strong>populi,</strong></span> <span class='ocrx_word' id='word_1_223' title='bbox 1345 2880 1411 2946; x_wconf 84' lang='lat' dir='ltr'><strong>Yao</strong></span> <span class='ocrx_word' id='word_1_224' title='bbox 1424 2885 1457 2945; x_wconf 89' lang='lat' dir='ltr'><strong>ct</strong></span> 
     </span>
     <span class='ocr_line' id='line_1_23' title="bbox 192 2988 839 3077; baseline -0.005 -17"><span class='ocrx_word' id='word_1_225' title='bbox 192 2990 290 3060; x_wconf 79' lang='lat' dir='ltr'><strong>dircen</strong></span> <span class='ocrx_word' id='word_1_226' title='bbox 304 2994 349 3059; x_wconf 94' lang='lat' dir='ltr'><strong>illi</strong></span> <span class='ocrx_word' id='word_1_227' title='bbox 363 2994 454 3060; x_wconf 88' lang='lat' dir='ltr'><strong>etiam</strong></span> <span class='ocrx_word' id='word_1_228' title='bbox 469 2993 644 3059; x_wconf 83' lang='lat' dir='ltr'><strong>laborabant</strong></span> <span class='ocrx_word' id='word_1_229' title='bbox 658 2993 695 3057; x_wconf 95' lang='lat' dir='ltr'><strong>de</strong></span> <span class='ocrx_word' id='word_1_230' title='bbox 710 2994 767 3058; x_wconf 92' lang='lat' dir='ltr'><strong>hoc</strong></span> <span class='ocrx_word' id='word_1_231' title='bbox 783 2990 794 3077; x_wconf 71' lang='lat' dir='ltr'><strong>l</strong></span> <span class='ocrx_word' id='word_1_232' title='bbox 815 2988 839 3073; x_wconf 84' lang='lat' dir='ltr'><strong>l.</strong></span> 
     </span>
    </p>
   </div>
   <div class='ocr_carea' id='block_1_3' title="bbox 1147 3203 1453 3216">
    <p class='ocr_par' dir='ltr' id='par_1_8' title="bbox 1147 3203 1453 3216">
     <span class='ocr_line' id='line_1_24' title="bbox 1147 3203 1453 3216; baseline 0 -3"><span class='ocrx_word' id='word_1_233' title='bbox 1147 3203 1453 3216; x_wconf 70' lang='grc'><strong>,.......-.-...-.-.....</strong></span> 
     </span>
    </p>
   </div>
   <div class='ocr_carea' id='block_1_4' title="bbox 194 3333 1457 4456">
    <p class='ocr_par' dir='ltr' id='par_1_9' title="bbox 228 3333 1166 3436">
     <span class='ocr_line' id='line_1_25' title="bbox 228 3333 1166 3436; baseline -0.002 -18"><span class='ocrx_word' id='word_1_234' title='bbox 228 3350 276 3431; x_wconf 85' lang='grc'><strong>(1)</strong></span> <span class='ocrx_word' id='word_1_235' title='bbox 298 3333 340 3420; x_wconf 51' lang='lat' dir='ltr'><strong>it</strong></span> <span class='ocrx_word' id='word_1_236' title='bbox 353 3376 472 3436; x_wconf 83' lang='lat' dir='ltr'><strong>surgens</strong></span> <span class='ocrx_word' id='word_1_237' title='bbox 484 3357 571 3417; x_wconf 78' lang='lat' dir='ltr'><strong>obire.</strong></span> <span class='ocrx_word' id='word_1_238' title='bbox 594 3356 649 3427; x_wconf 82' lang='lat' dir='ltr'><strong>Qui</strong></span> <span class='ocrx_word' id='word_1_239' title='bbox 663 3357 722 3417; x_wconf 87' lang='lat' dir='ltr'><strong>siut</strong></span> <span class='ocrx_word' id='word_1_240' title='bbox 733 3364 843 3434; x_wconf 83' lang='lat' dir='ltr'><strong>septem</strong></span> <span class='ocrx_word' id='word_1_241' title='bbox 856 3356 994 3428; x_wconf 84' lang='lat' dir='ltr'><strong>homines,</strong></span> <span class='ocrx_word' id='word_1_242' title='bbox 1008 3356 1166 3434; x_wconf 82' lang='lat' dir='ltr'><strong>ignoratur.</strong></span> 
     </span>
    </p>

    <p class='ocr_par' dir='ltr' id='par_1_10' title="bbox 230 3463 1456 3551">
     <span class='ocr_line' id='line_1_26' title="bbox 230 3463 1456 3551; baseline 0 -19"><span class='ocrx_word' id='word_1_243' title='bbox 230 3463 279 3544; x_wconf 72' lang='lat'><strong>(2)</strong></span> <span class='ocrx_word' id='word_1_244' title='bbox 298 3472 382 3532; x_wconf 84' lang='lat' dir='ltr'><strong>Turno</strong></span> <span class='ocrx_word' id='word_1_245' title='bbox 396 3471 531 3551; x_wconf 87' lang='lat' dir='ltr'><strong>temporis</strong></span> <span class='ocrx_word' id='word_1_246' title='bbox 543 3471 708 3530; x_wconf 84' lang='lat' dir='ltr'><strong>societatem</strong></span> <span class='ocrx_word' id='word_1_247' title='bbox 721 3469 883 3544; x_wconf 84' lang='lat' dir='ltr'><strong>reformare,</strong></span> <span class='ocrx_word' id='word_1_248' title='bbox 904 3470 948 3529; x_wconf 90' lang='lat' dir='ltr'><strong>uti</strong></span> <span class='ocrx_word' id='word_1_249' title='bbox 967 3469 1071 3529; x_wconf 81' lang='lat' dir='ltr'><strong>frustra</strong></span> <span class='ocrx_word' id='word_1_250' title='bbox 1085 3469 1241 3529; x_wconf 85' lang='lat' dir='ltr'><strong>Consucius</strong></span> <span class='ocrx_word' id='word_1_251' title='bbox 1254 3470 1456 3532; x_wconf 79' lang='lat' dir='ltr'><strong>contendebat.</strong></span> 
     </span>
    </p>

    <p class='ocr_par' dir='ltr' id='par_1_11' title="bbox 232 3580 1289 3662">
     <span class='ocr_line' id='line_1_27' title="bbox 232 3580 1289 3662; baseline -0.003 -16"><span class='ocrx_word' id='word_1_252' title='bbox 232 3581 276 3657; x_wconf 81' lang='lat'><strong>(3)</strong></span> <span class='ocrx_word' id='word_1_253' title='bbox 297 3583 490 3647; x_wconf 83' lang='lat' dir='ltr'><strong>Lamentabili</strong></span> <span class='ocrx_word' id='word_1_254' title='bbox 504 3603 574 3643; x_wconf 89' lang='lat' dir='ltr'><strong>sono</strong></span> <span class='ocrx_word' id='word_1_255' title='bbox 587 3583 730 3662; x_wconf 80' lang='lat' dir='ltr'><strong>publicem</strong></span> <span class='ocrx_word' id='word_1_256' title='bbox 745 3583 935 3644; x_wconf 81' lang='lat' dir='ltr'><strong>turbationem</strong></span> <span class='ocrx_word' id='word_1_257' title='bbox 952 3580 1102 3643; x_wconf 80' lang='lat' dir='ltr'><strong>Confircius</strong></span> <span class='ocrx_word' id='word_1_258' title='bbox 1114 3583 1289 3661; x_wconf 78' lang='lat' dir='ltr'><strong>deplorabat</strong></span> 
     </span>
    </p>

    <p class='ocr_par' dir='ltr' id='par_1_12' title="bbox 194 3677 1457 3892">
     <span class='ocr_line' id='line_1_28' title="bbox 229 3677 1457 3774; baseline -0.002 -15"><span class='ocrx_word' id='word_1_259' title='bbox 229 3691 277 3772; x_wconf 84' lang='lat'><strong>(4)</strong></span> <span class='ocrx_word' id='word_1_260' title='bbox 298 3697 372 3759; x_wconf 85' lang='lat' dir='ltr'><strong>Vide</strong></span> <span class='ocrx_word' id='word_1_261' title='bbox 387 3699 511 3759; x_wconf 82' lang='lat' dir='ltr'><strong>Carmen</strong></span> <span class='ocrx_word' id='word_1_262' title='bbox 523 3691 535 3765; x_wconf 92' lang='lat'>(</span> <span class='ocrx_word' id='word_1_263' title='bbox 545 3696 570 3755; x_wconf 92' lang='grc' dir='ltr'><strong>Ι.</strong></span> <span class='ocrx_word' id='word_1_264' title='bbox 584 3699 630 3755; x_wconf 86' lang='grc'><strong>34.</strong></span> <span class='ocrx_word' id='word_1_265' title='bbox 644 3688 663 3764; x_wconf 92' lang='grc'><strong>).</strong></span> <span class='ocrx_word' id='word_1_266' title='bbox 685 3677 726 3761; x_wconf 54' lang='lat' dir='ltr'><strong>iffi</strong></span> <span class='ocrx_word' id='word_1_267' title='bbox 738 3738 746 3768; x_wconf 87' lang='lat'><strong>,</strong></span> <span class='ocrx_word' id='word_1_268' title='bbox 760 3704 793 3756; x_wconf 90' lang='lat' dir='ltr'><strong>ut</strong></span> <span class='ocrx_word' id='word_1_269' title='bbox 805 3696 881 3758; x_wconf 82' lang='lat' dir='ltr'><strong>clere</strong></span> <span class='ocrx_word' id='word_1_270' title='bbox 894 3695 1018 3774; x_wconf 83' lang='lat' dir='ltr'><strong>explicet</strong></span> <span class='ocrx_word' id='word_1_271' title='bbox 1031 3683 1131 3774; x_wconf 80' lang='lat' dir='ltr'><strong>K‘ang</strong></span> <span class='ocrx_word' id='word_1_272' title='bbox 1144 3696 1175 3755; x_wconf 89' lang='lat' dir='ltr'><strong>hi</strong></span> <span class='ocrx_word' id='word_1_273' title='bbox 1187 3695 1398 3769; x_wconf 77' lang='lat' dir='ltr'><strong>dictionarium,</strong></span> <span class='ocrx_word' id='word_1_274' title='bbox 1411 3703 1457 3757; x_wconf 83' lang='lat' dir='ltr'><strong>eet</strong></span> 
     </span>
     <span class='ocr_line' id='line_1_29' title="bbox 194 3808 860 3892; baseline -0.002 -20"><span class='ocrx_word' id='word_1_275' title='bbox 194 3814 334 3892; x_wconf 81' lang='lat' dir='ltr'><strong>superiore</strong></span> <span class='ocrx_word' id='word_1_276' title='bbox 347 3830 462 3890; x_wconf 87' lang='lat' dir='ltr'><strong>corpore</strong></span> <span class='ocrx_word' id='word_1_277' title='bbox 475 3809 589 3869; x_wconf 79' lang='lat' dir='ltr'><strong>indutam</strong></span> <span class='ocrx_word' id='word_1_278' title='bbox 603 3811 732 3887; x_wconf 87' lang='lat' dir='ltr'><strong>trajicere</strong></span> <span class='ocrx_word' id='word_1_279' title='bbox 746 3808 860 3871; x_wconf 81' lang='lat' dir='ltr'><strong>eadum.</strong></span> 
     </span>
    </p>

    <p class='ocr_par' dir='ltr' id='par_1_13' title="bbox 195 3895 1454 4111">
     <span class='ocr_line' id='line_1_30' title="bbox 231 3895 1454 4003; baseline -0.002 -17"><span class='ocrx_word' id='word_1_280' title='bbox 231 3918 276 3997; x_wconf 80' lang='lat'><strong>(5)</strong></span> <span class='ocrx_word' id='word_1_281' title='bbox 298 3901 338 3988; x_wconf 50' lang='grc' dir='ltr'><em>ἦ</em></span> <span class='ocrx_word' id='word_1_282' title='bbox 358 3922 465 3984; x_wconf 87' lang='lat' dir='ltr'><strong>scilieet</strong></span> <span class='ocrx_word' id='word_1_283' title='bbox 480 3895 520 3984; x_wconf 43' lang='grc' dir='ltr'><strong><em>ἦ</em></strong></span> <span class='ocrx_word' id='word_1_284' title='bbox 535 3945 543 3983; x_wconf 81' lang='lat' dir='ltr'><strong>t</strong></span> <span class='ocrx_word' id='word_1_285' title='bbox 557 3923 692 4003; x_wconf 78' lang='lat' dir='ltr'><strong>pertinaci</strong></span> <span class='ocrx_word' id='word_1_286' title='bbox 706 3922 802 3982; x_wconf 83' lang='lat' dir='ltr'><strong>enimc</strong></span> <span class='ocrx_word' id='word_1_287' title='bbox 815 3922 938 3997; x_wconf 83' lang='lat' dir='ltr'><strong>latitare,</strong></span> <span class='ocrx_word' id='word_1_288' title='bbox 955 3940 1042 4003; x_wconf 89' lang='lat' dir='ltr'><strong>seque</strong></span> <span class='ocrx_word' id='word_1_289' title='bbox 1054 3922 1146 3984; x_wconf 76' lang='lat' dir='ltr'><strong>labori</strong></span> <span class='ocrx_word' id='word_1_290' title='bbox 1159 3930 1189 3982; x_wconf 89' lang='lat' dir='ltr'><strong>et</strong></span> <span class='ocrx_word' id='word_1_291' title='bbox 1202 3920 1327 4002; x_wconf 87' lang='lat' dir='ltr'><strong>periculo</strong></span> <span class='ocrx_word' id='word_1_292' title='bbox 1347 3920 1454 3993; x_wconf 81' lang='lat' dir='ltr'><strong>subdu·</strong></span> 
     </span>
     <span class='ocr_line' id='line_1_31' title="bbox 195 4035 527 4111; baseline -0.012 -11"><span class='ocrx_word' id='word_1_293' title='bbox 195 4058 262 4111; x_wconf 84' lang='lat' dir='ltr'><strong>cere,</strong></span> <span class='ocrx_word' id='word_1_294' title='bbox 276 4035 391 4098; x_wconf 83' lang='lat' dir='ltr'><strong>difficile</strong></span> <span class='ocrx_word' id='word_1_295' title='bbox 404 4057 463 4096; x_wconf 89' lang='lat' dir='ltr'><strong>nnn</strong></span> <span class='ocrx_word' id='word_1_296' title='bbox 476 4044 527 4097; x_wconf 82' lang='lat' dir='ltr'><strong>est</strong></span> 
     </span>
    </p>

    <p class='ocr_par' dir='ltr' id='par_1_14' title="bbox 196 4143 1457 4326">
     <span class='ocr_line' id='line_1_32' title="bbox 232 4143 1457 4230; baseline -0.004 -16"><span class='ocrx_word' id='word_1_297' title='bbox 232 4143 275 4223; x_wconf 81' lang='lat' dir='ltr'><strong>(d)</strong></span> <span class='ocrx_word' id='word_1_298' title='bbox 296 4150 375 4213; x_wconf 82' lang='lat' dir='ltr'><strong>Illud</strong></span> <span class='ocrx_word' id='word_1_299' title='bbox 395 4151 494 4230; x_wconf 60' lang='lat' dir='ltr'><strong>Lm</strong></span> <span class='ocrx_word' id='word_1_300' title='bbox 515 4168 603 4230; x_wconf 79' lang='lat' dir='ltr'><strong>upon,</strong></span> <span class='ocrx_word' id='word_1_301' title='bbox 629 4150 717 4230; x_wconf 83' lang='lat' dir='ltr'><strong>juxte</strong></span> <span class='ocrx_word' id='word_1_302' title='bbox 738 4146 900 4223; x_wconf 85' lang='lat' dir='ltr'><strong>nonnullos,</strong></span> <span class='ocrx_word' id='word_1_303' title='bbox 932 4149 1068 4230; x_wconf 82' lang='lat' dir='ltr'><strong>exprimit</strong></span> <span class='ocrx_word' id='word_1_304' title='bbox 1088 4148 1239 4211; x_wconf 62' lang='lat' dir='ltr'><strong>mrem</strong></span> <span class='ocrx_word' id='word_1_305' title='bbox 1262 4146 1457 4210; x_wconf 64' lang='lat' dir='ltr'><strong>humentis</strong></span> 
     </span>
     <span class='ocr_line' id='line_1_33' title="bbox 196 4244 1377 4326; baseline -0.004 -2"><span class='ocrx_word' id='word_1_306' title='bbox 196 4267 368 4326; x_wconf 76' lang='lat' dir='ltr'><strong>mansionen.</strong></span> <span class='ocrx_word' id='word_1_307' title='bbox 1375 4244 1377 4249; x_wconf 28' lang='grc' dir='ltr'>Ι</span> 
     </span>
    </p>

    <p class='ocr_par' dir='ltr' id='par_1_15' title="bbox 230 4350 807 4456">
     <span class='ocr_line' id='line_1_34' title="bbox 230 4350 807 4456; baseline -0.007 -17"><span class='ocrx_word' id='word_1_308' title='bbox 230 4369 277 4452; x_wconf 82' lang='lat'><strong>(7)</strong></span> <span class='ocrx_word' id='word_1_309' title='bbox 298 4359 432 4445; x_wconf 55' lang='lat' dir='ltr'><strong>&amp;rahe</strong></span> <span class='ocrx_word' id='word_1_310' title='bbox 444 4350 504 4450; x_wconf 72' lang='lat'><strong>2,</strong></span> <span class='ocrx_word' id='word_1_311' title='bbox 517 4377 624 4456; x_wconf 65' lang='lat' dir='ltr'><strong>sejam</strong></span> <span class='ocrx_word' id='word_1_312' title='bbox 637 4377 807 4437; x_wconf 79' lang='lat' dir='ltr'><strong>notavimus.</strong></span> 
     </span>
    </p>
   </div>
   <div class='ocr_carea' id='block_1_5' title="bbox 283 4580 1454 4809">
    <p class='ocr_par' dir='ltr' id='par_1_16' title="bbox 283 4580 1454 4809">
     <span class='ocr_line' id='line_1_35' title="bbox 285 4580 1454 4701; baseline -0.001 -24"><span class='ocrx_word' id='word_1_313' title='bbox 285 4614 419 4695; x_wconf 83' lang='lat' dir='ltr'><strong>colligere</strong></span> <span class='ocrx_word' id='word_1_314' title='bbox 440 4638 451 4675; x_wconf 70' lang='grc' dir='ltr'>ι</span> <span class='ocrx_word' id='word_1_315' title='bbox 469 4614 539 4675; x_wconf 61' lang='lat' dir='ltr'><strong>dux„</strong></span> <span class='ocrx_word' id='word_1_316' title='bbox 578 4586 666 4701; x_wconf 50' lang='lat' dir='ltr'><strong>(Q,</strong></span> <span class='ocrx_word' id='word_1_317' title='bbox 693 4610 804 4674; x_wconf 72' lang='lat' dir='ltr'><strong>Sueree</strong></span> <span class='ocrx_word' id='word_1_318' title='bbox 841 4583 908 4699; x_wconf 55' lang='grc' dir='ltr'><strong>οἵ(</strong></span> <span class='ocrx_word' id='word_1_319' title='bbox 934 4611 1072 4687; x_wconf 74' lang='lat' dir='ltr'><strong>Tonosa,</strong></span> <span class='ocrx_word' id='word_1_320' title='bbox 1099 4613 1236 4688; x_wconf 87' lang='lat' dir='ltr'><strong>tumulus,</strong></span> <span class='ocrx_word' id='word_1_321' title='bbox 1269 4610 1418 4691; x_wconf 79' lang='lat' dir='ltr'><strong>sepultura</strong></span> <span class='ocrx_word' id='word_1_322' title='bbox 1437 4580 1454 4676; x_wconf 50' lang='lat' dir='ltr'><strong>xt</strong></span> 
     </span>
     <span class='ocr_line' id='line_1_36' title="bbox 283 4727 1147 4809; baseline -0.005 -16"><span class='ocrx_word' id='word_1_323' title='bbox 283 4739 392 4808; x_wconf 75' lang='lat' dir='ltr'><strong>sartura,</strong></span> <span class='ocrx_word' id='word_1_324' title='bbox 402 4728 549 4808; x_wconf 73' lang='lat' dir='ltr'><strong>janum</strong></span> <span class='ocrx_word' id='word_1_325' title='bbox 935 4727 1147 4809; x_wconf 73' lang='lat' dir='ltr'><strong>primogenitus</strong></span> 
     </span>
    </p>
   </div>
   <div class='ocr_carea' id='block_1_6' title="bbox 0 0 1806 5664">
    <p class='ocr_par' dir='ltr' id='par_1_17' title="bbox 0 0 1806 5664">
     <span class='ocr_line' id='line_1_37' title="bbox 0 0 1806 5664; baseline 0 0"><span class='ocrx_word' id='word_1_326' title='bbox 0 0 1806 5664; x_wconf 95' lang='lat' dir='ltr'><strong> </strong></span> 
     </span>
    </p>
   </div>
  </div>
 </body>
</html>
