3524 5652
643 462 739 506 caena
758 462 892 513 putamur
904 478 946 492 -
957 462 1031 505 nans
1050 462 1138 506 muna
1462 445 1520 506 537

248 575 293 638 lta
304 590 412 655 perro,
424 592 496 641 oum
511 576 610 641 Gbeen
624 575 761 640 babuerit
774 575 943 654 imperium,
960 575 1027 656 quis
1041 575 1121 639 dedit
1137 576 1198 639 illi?
1215 575 1397 656 Respondit:
1410 578 1521 651 coelum

247 689 331 753 dedit
345 689 404 753 illi.
438 691 555 754 Goelnm
577 690 650 753 dans
670 688 725 765 illi,
748 690 932 768 explicatene
952 688 1095 754 dedititii
1116 690 1310 754 mandatum?
1331 690 1517 770 Respondit:

246 803 404 867 minime:
423 804 534 870 coelum
554 818 612 867 non
633 803 788 882 loquitur:
807 818 860 882 per
880 818 979 867 mores
993 809 1023 868 et
1042 808 1127 885 gesta
1146 802 1325 884 significavit
1343 803 1417 868 illud
1433 809 1463 866 et
1478 805 1520 868 nil

246 917 333 980 alind
346 914 404 1000 (l).
431 916 537 981 Subdit
553 935 560 979 :
580 932 631 997 per
646 930 745 980 mores
759 922 789 981 et
804 922 889 997 gesta
903 916 978 980 illud
993 916 1187 1000 significasse,
1204 917 1351 994 quomedo
1366 922 1431 980 est?
1449 917 1520 981 iles·

247 1030 382 1109 pendit:
401 1031 565 1110 imperator
585 1035 684 1110 potest
704 1028 864 1112 suflragari
884 1029 973 1093 alicui
993 1030 1072 1109 apud
1092 1030 1213 1103 eoelum,
1237 1030 1339 1109 nequit
1358 1028 1472 1093 edicere
1487 1038 1522 1095 ut

247 1143 365 1207 coelum
375 1144 426 1209 det
436 1143 480 1207 illi
490 1142 647 1222 imperium
661 1162 668 1205 ε
682 1127 779 1225 reguli
794 1148 920 1222 possunt
933 1142 1093 1225 suffragari
1102 1143 1190 1206 alicui
1204 1144 1282 1221 apud
1296 1144 1518 1223 imperatorem,

248 1263 408 1336 nequeunt
427 1257 542 1322 edicere
561 1263 596 1320 ut
614 1256 776 1336 imperator
795 1257 844 1320 det
859 1256 903 1319 illi
918 1256 1038 1321 tendum
1056 1276 1063 1319 :
1082 1255 1215 1335 primarii
1237 1256 1376 1335 praetecti
1397 1264 1522 1335 possunt

249 1384 421 1450 proponere
437 1371 565 1449 aliquem
581 1369 659 1448 apud
674 1370 825 1451 regulum,
842 1377 994 1448 nequeunt
1008 1370 1122 1434 edicere
1132 1376 1166 1432 ut
1182 1369 1305 1452 regulus
1319 1370 1369 1433 det
1382 1369 1427 1432 illi
1437 1386 1520 1449 prae·

251 1482 411 1549 lecturam.
445 1484 524 1548 Olim
552 1484 618 1547 Yao
646 1482 798 1563 proposuit
830 1482 929 1546 dboen
953 1485 991 1548 ad
1015 1484 1137 1559 coelnm,
1173 1490 1203 1548 et
1222 1483 1330 1547 coelum
1355 1485 1522 1563 exceptavit

251 1596 358 1674 illum;
389 1597 519 1678 prodidit
541 1596 627 1660 illum
651 1596 689 1660 ad
713 1597 866 1676 populum,
884 1602 914 1660 et
928 1598 1055 1677 populus
1076 1596 1196 1661 admisit
1215 1597 1300 1660 illum
1324 1616 1332 1659 :
1356 1597 1422 1661 ideo
1443 1598 1520 1661 dice-

253 1710 323 1774 bam
343 1729 351 1772 :
370 1712 481 1776 ooelnm
503 1726 563 1776 non
593 1711 738 1789 loquitur3
772 1725 824 1790 per
841 1709 972 1776 actiones
988 1717 1019 1776 et
1035 1716 1120 1792 gesta
1142 1710 1320 1794 significavit
1336 1709 1410 1774 illud
1426 1717 1457 1775 et
1478 1712 1520 1774 nil

254 1823 344 1889 alind.
377 1825 482 1890 subdit
499 1845 507 1888 :
525 1824 621 1888 ausim
641 1824 840 1906 interrogare,
864 1838 1028 1904 proponere
1046 1824 1143 1887 illnm'
1155 1826 1231 1889 coelo
1246 1831 1276 1887 et
1290 1825 1401 1888 eoelum
1415 1840 1518 1903 excep·

254 1937 437 2015 nereidum,
460 1937 600 2002 exhibere
618 1937 704 2001 illum
726 1938 834 2017 populo
850 1944 880 2000 et
899 1940 1040 2017 populum
1063 1945 1218 2018 exceptare
1240 1936 1338 2013 illum,
1361 1936 1432 2017 quid
1448 1952 1520 2002 vero

254 2051 303 2115 sit.
327 2051 515 2131 Respondit:
531 2051 621 2131 jussit
636 2051 722 2115 illum
741 2065 878 2130 praeesse
899 2051 1062 2128 sacrifieiis,
1084 2057 1114 2114 et
1129 2067 1233 2115 omnes
1247 2024 1368 2130 spiritns
1383 2057 1469 2132 grata
1485 2066 1520 2127 ea

253 2164 424 2229 babuerunt
441 2161 501 2248 (2);
525 2166 584 2229 boc
596 2172 643 2229 est
662 2165 771 2228 eoelum
791 2172 963 2242 exceptasse
981 2164 1066 2229 illum
1084 2184 1092 2228 :
1108 2165 1198 2245 lussit
1212 2165 1297 2230 illum
1316 2180 1454 2244 praeesse
1469 2180 1519 2228 ne·

252 2278 356 2360 godis,
373 2286 415 2354 et,
433 2277 562 2361 negotiis
576 2279 651 2343 bene
665 2276 848 2357 compositis,
865 2280 993 2358 populus
1006 2278 1154 2359 acquievit
1168 2277 1227 2355 illi;
1245 2279 1303 2343 bec
1317 2284 1363 2342 est
1377 2279 1519 2357 populum

250 2399 426 2472 exceptanse
441 2392 538 2455 illum.
561 2391 676 2456 Goelum
690 2391 839 2466 dedititii,
856 2399 887 2455 et
902 2394 1029 2472 populus
1043 2392 1123 2456 dedit
1137 2392 1181 2456 illi
1197 2412 1205 2455 :
1221 2392 1287 2456 ideo
1301 2391 1443 2468 dicebam,
1463 2392 1519 2454 im·

249 2511 423 2584 peratorem
443 2522 504 2570 non
524 2520 611 2584 posse
624 2505 783 2586 imperium
798 2504 869 2568 dare
884 2505 1009 2569 homini.
1032 2506 1131 2570 dboen
1151 2505 1264 2585 adiurit
1283 2506 1348 2569 Yao
1367 2505 1474 2587 viginti
1489 2511 1520 2569 et

247 2626 319 2682 octo
334 2633 432 2682 annos
449 2636 457 2680 :
474 2633 534 2683 non
549 2627 614 2682 erat
628 2618 708 2698 qnod
723 2619 812 2683 bomo
827 2627 927 2697 posset
942 2619 1039 2683 facere
1056 2638 1064 2682 :
1082 2620 1192 2684 coelum
1207 2619 1272 2683 tuit.
1301 2618 1366 2682 Yao
1380 2618 1519 2682 defuncto

246 2738 279 2795 et
300 2731 445 2796 triennali
467 2733 550 2796 luctu
571 2731 719 2808 absoluto,
745 2732 844 2797 dboen
867 2732 989 2797 secessit
1009 2747 1027 2795 a
1049 2733 1114 2797 Yao
1136 2732 1196 2797 dlio
1218 2733 1255 2796 ad
1276 2731 1416 2796 australis
1438 2731 1519 2794 durii

246 2850 390 2908 ausuum
401 2847 468 2926 (3):
481 2845 598 2926 imperii
613 2845 709 2927 reguli
725 2846 839 2929 regiam
855 2846 1045 2910 advenientes
1059 2846 1271 2921 obsalutatum‚
1286 2858 1345 2909 nou
1363 2844 1519 2908 adiverunt

247 2956 440 3035 lanitium,
458 2959 510 3024 sed
524 2959 661 3024 adierunt
681 2958 798 3035 Gboen;
820 2959 1007 3023 intendentes
1022 2959 1104 3023 litem
1120 2975 1180 3023 non
1195 2958 1316 3022 adibant
1330 2958 1395 3021 Yao
1411 2957 1517 3033 tilium,

249 3071 305 3136 sed
320 3071 443 3136 adibant
457 3073 572 3148 dboen;
594 3073 712 3137 laudem
728 3073 860 3137 carmine
874 3079 1021 3152 cantuque
1036 3072 1228 3149 celebrantes,
1254 3087 1314 3136 nnn
1329 3069 1519 3135 celebrabant

250 3184 318 3250 Yao
333 3184 440 3263 tilium,
458 3186 510 3251 sed
524 3185 715 3251 celebrabant
733 3186 833 3251 dboen
851 3205 859 3249 ;
876 3185 941 3249 ideo
961 3185 1095 3250 dicebam
1114 3186 1224 3249 coelum
1243 3184 1346 3249 tuisse.
1375 3183 1449 3247 dum
1469 3197 1518 3246 res

252 3297 295 3361 ita
309 3304 423 3376 essent,
443 3306 517 3365 tunc
535 3298 655 3363 demum
676 3298 796 3363 advenit
809 3298 896 3381 regni
911 3298 1041 3362 medium
1056 3305 1087 3362 et
1100 3297 1208 3362 institit
1225 3296 1415 3377 imperatoris
1429 3296 1515 3361 solio.

255 3409 337 3482 Quod
350 3410 377 3474 si
391 3419 593 3478 commoratus
606 3411 638 3476 in
652 3412 718 3476 Yao
732 3413 841 3491 palatio
856 3412 918 3474 vim
930 3412 1084 3476 intulisset
1095 3413 1158 3476 Yao
1174 3411 1245 3489 lilio,
1268 3412 1298 3475 id
1313 3411 1418 3474 luisset
1432 3425 1518 3472 usur·
1614 3432 1618 3441 ι

257 3538 337 3603 pare,
348 3540 409 3589 non
420 3541 518 3591 veroa
529 3526 689 3590 coelodari.
707 3525 866 3589 Annalium
876 3540 1020 3607 magnum
1033 3525 1241 3606 iusiurandum
1252 3524 1373 3590 dicens:
1390 3522 1518 3586 «coelum

257 3636 366 3714 vident,
395 3654 448 3719 per
468 3654 569 3703 meum
590 3641 732 3719 populum
754 3636 849 3715 videt,¹
880 3638 990 3702 coelum
1011 3639 1145 3715 audiens,
1173 3654 1228 3719 per
1249 3653 1350 3702 meum
1376 3636 1519 3718 populum

256 3751 368 3834 audit»
386 3751 513 3832 idipsum
529 3752 679 3833 exprimit.

292 4119 336 4195 (1)
355 4125 413 4185 Per
434 4126 574 4185 individui
596 4145 689 4187 mores
704 4135 734 4188 ot
747 4128 779 4188 in
791 4128 909 4208 imperio
932 4135 1015 4206 gesta
1031 4149 1040 4188 t
1056 4127 1100 4189 illi
1117 4127 1310 4201 conciliarunt,
1334 4126 1397 4188 haeo
1415 4127 1516 4188 dedere

252 4238 428 4317 suffragium.

290 4341 335 4424 (2)
356 4349 534 4412 Postulatam
549 4353 784 4432 tranquillitatem
800 4355 982 4431 debitamque
999 4362 1156 4435 temporum
1177 4355 1396 4434 temperantiam
1415 4373 1515 4414 conce·

250 4465 350 4528 dendo.

287 4573 332 4650 (8)
356 4558 396 4644 ᾗ
415 4555 501 4641 Uin
514 4556 691 4660 antiquefl
709 4554 766 4657 Ἠ,
790 4581 909 4642 rodebat
931 4599 1061 4643 croceum
1082 4581 1208 4655 fluvium,
1232 4600 1291 4658 qno
1303 4600 1379 4641 nnnc
1392 4581 1513 4644 chanst

246 4703 277 4756 et
291 4695 341 4758 Ho
355 4714 417 4756 nan
429 4694 592 4774 provincius
603 4694 756 4774 intercipit,
768 4714 854 4776 prope
871 4669 912 4756 W
927 4668 985 4757 Η.
