3572 5650
352 481 392 538 64
850 493 948 535 noran
969 494 1120 534 russvrsn

353 595 416 689 (ΠΡ
431 592 510 684 (ξῧ)
523 619 554 677 iu
568 617 706 680 claritatis
720 619 787 679 suls
804 596 843 676 'll
856 599 910 693 ᾗ,
920 637 984 695 quea
994 619 1085 679 tertiae
1094 629 1125 680 et
1135 626 1245 697 quartae
1258 635 1348 698 portae
1361 618 1555 695 interjacebat,
1569 619 1614 698 sgi

352 734 467 793 solitum
480 734 518 793 ad
527 733 683 809 dignitates
697 752 851 811 censusque
865 733 1093 813 impertiendum.
1115 733 1249 809 Quinque
1262 740 1360 810 portas
1373 733 1616 807 subsequebantur

351 849 427 925 regis
441 847 515 907 sedes
525 838 538 917 (
548 826 590 906 7²<
602 821 670 920 ᾗ),
682 855 712 906 et
721 847 839 906 tandem
853 847 959 925 reginae
972 844 1118 905 conclavis
1129 825 1192 916 (7¹3
1205 823 1267 915 Ξ)
1278 869 1287 907 r
1297 845 1432 924 primaria
1445 845 1520 923 regis
1533 845 1617 905 diaeta

352 939 417 1028 (ff
432 936 502 1034 ᾗ),
513 960 649 1019 continuo
663 967 727 1038 post
740 960 871 1036 quintum
884 968 1006 1037 portam,
1018 936 1059 1017 ἦ
1076 935 1190 1019 ssideo
1203 959 1366 1036 dicebatnr;
1380 965 1483 1019 ceterae
1496 933 1551 1028 (ib
1567 934 1617 1021 ξ)

353 1074 390 1134 sd
402 1072 563 1135 libonotum
584 1066 635 1141 (S.
652 1062 716 1144 0.),
736 1091 852 1132 caurum
867 1064 925 1141 (N.
939 1063 1003 1144 0.),
1026 1074 1140 1132 caeciam
1154 1069 1211 1144 (N.
1229 1062 1295 1145 m),
1312 1080 1482 1131 euronotum
1495 1064 1546 1142 (S.
1561 1062 1617 1143 Ε.)

352 1195 383 1249 et
398 1195 527 1247 centrum
540 1186 611 1256 sits,
633 1193 780 1258 autumno,
801 1184 903 1258 hieme,
924 1206 998 1258 rere,
1020 1186 1112 1264 prima
1134 1194 1242 1260 aestate,
1265 1205 1376 1246 summe
1398 1193 1507 1257 asum,
1521 1206 1540 1245 a
1552 1205 1618 1264 rega

352 1300 560 1361 incolebantur.
584 1297 630 1357 Ad
643 1306 788 1376 portalum
801 1298 901 1369 latera,
915 1298 1069 1371 hincinde,
1084 1300 1170 1360 varius
1183 1308 1266 1359 erant
1278 1307 1449 1377 magnatum
1468 1298 1620 1359 habitatio·

353 1434 414 1486 nes,
427 1422 457 1472 et
470 1423 534 1491 post
554 1431 603 1471 eas
623 1412 661 1470 ad
682 1412 820 1472 orientem
843 1413 987 1489 gentilitia
1010 1410 1137 1485 delubra,
1158 1413 1196 1472 nd
1215 1413 1391 1473 occidentem
1415 1410 1540 1472 Telluris
1564 1432 1618 1471 arae

354 1526 532 1607 prostabant.

395 1637 501 1717 Reguli
513 1647 572 1696 tres
588 1639 734 1700 hebebant
753 1647 859 1717 portes,
873 1641 911 1702 ab
923 1641 1029 1700 aerariis
1043 1614 1085 1704 fi
1103 1614 1154 1712 lb,
1168 1659 1187 1698 a
1199 1639 1340 1718 phasiano
1353 1613 1394 1696 ff
1414 1612 1465 1711 ll,
1478 1645 1509 1698 et
1522 1658 1540 1696 s
1552 1657 1621 1716 qua·

353 1752 492 1813 drifronta
505 1762 644 1830 tympano
659 1732 700 1812 ff
720 1729 769 1818 ll.
791 1753 878 1815 Ultro
889 1753 965 1814 hano
976 1761 1088 1831 portam
1102 1753 1265 1831 erigebatur
1288 1752 1455 1830 diathyrum
1472 1727 1524 1823 fl,
1537 1760 1571 1810 ut
1585 1752 1621 1812 ab

354 1867 525 1944 imperatore
535 1874 608 1926 esset
618 1867 778 1939 discrimen,
789 1866 868 1944 cnjus
877 1866 946 1927 suls
954 1866 1119 1944 diathyrsm
1130 1865 1202 1925 citra
1212 1868 1343 1944 quintam
1356 1874 1469 1944 portum
1480 1845 1544 1934 (ffb
1560 1841 1621 1935 ll)

354 1987 481 2039 erectum
496 1977 626 2039 hsbebat
650 1979 733 2038 Intro
746 1989 858 2058 portam
869 1988 898 2039 et
909 1978 1081 2057 disthyrum,
1091 1986 1125 2038 ut
1134 1980 1170 2038 de
1179 1998 1270 2056 regno
1284 1977 1345 2038 Lon
1357 1985 1489 2039 constare
1503 1979 1621 2051 videtur,

354 2092 502 2170 regiminis
514 2090 607 2152 forum
622 2072 662 2157 lr‘i
678 2066 734 2156 effi
749 2103 829 2153 stans
843 2095 1187 2172 princepsnonnnnqnam
1200 2094 1306 2170 egebat
1320 2091 1509 2171 :plerumque
1523 2101 1621 2151 tamen

354 2205 387 2264 in
400 2204 476 2276 aula,
496 2222 561 2283 quae
580 2205 745 2283 diathyrum
768 2205 956 2281 subsequitur,
980 2225 1046 2266 suos
1067 2206 1214 2266 ministros
1237 2205 1408 2285 excipiebat,
1430 2204 1481 2264 ubi
1502 2204 1622 2264 interius

355 2319 449 2378 forum
467 2295 501 2378 ll
518 2290 577 2381 (ᾖ
586 2320 724 2397 agebatur
734 2343 743 2379 r
752 2319 890 2380 extimum
901 2338 965 2379 vero
975 2319 1069 2379 forum
1080 2296 1122 2379 st
1138 2290 1196 2381 effi
1204 2319 1281 2381 intra
1294 2319 1415 2397 primam
1424 2325 1454 2378 et
1464 2317 1621 2377 secundom

355 2438 470 2512 portam
492 2432 585 2505 flebst,
599 2441 632 2492 nt
645 2434 680 2492 de
694 2434 863 2512 imperatore
885 2433 995 2492 dictum
1016 2441 1067 2493 est
1095 2431 1169 2493 Rem
1189 2432 1233 2491 ita
1252 2430 1351 2493 haberi
1364 2449 1402 2492 ex
1415 2431 1622 2509 interpretibus

356 2543 510 2621 conjicitur,
525 2546 574 2622 qui
591 2544 760 2605 Confirciurn
783 2545 920 2606 exhibent
944 2565 1063 2606 vacuum
1087 2518 1221 2625 principis
1243 2552 1311 2605 ante
1334 2543 1502 2622 diathyrum
1527 2545 1624 2604 sedens

357 2656 556 2730 honorantem,
569 2636 693 2735 moxque
703 2659 741 2718 sd
750 2659 869 2718 interius
881 2657 973 2717 forum
985 2658 1077 2718 soslas
1089 2660 1204 2719 summis
1216 2658 1391 2718 caeremoniis
1404 2657 1625 2717 ascendentem:

358 2777 390 2831 at
403 2777 471 2831 sunt
484 2773 535 2848 qni
555 2791 618 2830 esm
641 2770 749 2832 habent
772 2772 947 2849 ambiguam,
961 2771 1096 2832 otiorum
1120 2772 1225 2850 agendi
1247 2772 1364 2831 modum
1388 2771 1473 2830 aliter
1496 2780 1626 2830 statuere

357 2881 495 2957 volentes,
507 2892 600 2943 totam
614 2884 788 2945 indefinitam
801 2884 977 2963 relinquunt.
994 2883 1069 2944 Vide
1079 2883 1198 2962 figuram
1209 2884 1240 2943 in
1250 2883 1349 2946 tabula
1359 2884 1489 2962 septima.
1510 2883 1626 2944 Ibidem

358 2995 417 3055 alia
428 2998 609 3075 oonspicitur,
623 3016 686 3073 quse
699 2998 815 3057 modum
828 3005 983 3076 presentat
995 2999 1135 3057 advenam
1149 2997 1303 3076 principem
1317 2996 1486 3075 excipiendi,
1507 2996 1626 3056 modum

359 3106 477 3181 scilieet,
491 3129 548 3185 qno
563 3120 645 3169 extra
655 3111 775 3187 januam
788 3110 987 3189 disponuntur,
1000 3119 1062 3168 turn
1076 3111 1218 3188 excipiens
1228 3111 1357 3189 princepe
1372 3085 1412 3173 ,ἵ
1428 3091 1469 3170 Ε
1485 3129 1553 3169 curu
1567 3110 1628 3169 suis

358 3221 563 3299 excipientibus
588 3224 722 3284 ministris
737 3199 790 3299 fl,
802 3224 878 3283 inter
898 3241 972 3301 qnos
993 3222 1146 3283 Coufucins
1163 3231 1309 3297 crottum
1322 3222 1478 3283 adveniens
1491 3222 1629 3302 princeps

360 3307 738 3398 escensurum
751 3311 804 3400 it.
