3556 5664
564 405 660 449 omn-r
674 404 796 458 ‚murum
809 421 850 434 -
862 405 937 448 nnus
954 405 1117 449 roarnmon
1413 390 1472 449 393

171 494 267 585 ‘Rex
287 518 331 584 ait
349 538 357 582 :
377 536 524 604 magnum
547 519 666 599 quidem
691 518 891 599 propositumt
917 525 950 583 at
971 519 1104 584 modicus
1125 520 1172 584 vir
1192 518 1281 583 nabet
1304 518 1469 595 deiectum3

203 634 340 699 modicus
361 634 411 698 uir
431 642 513 697 emat
536 632 739 698 tortitudinem
758 629 816 716 (l).
849 634 1042 712 despondens
1061 633 1102 697 ait
1120 654 1127 696 :
1146 650 1210 709 rex,
1233 647 1319 714 rogo,
1336 648 1374 696 ne
1388 647 1473 696 umes

203 747 294 812 vilem
309 748 526 812 tortitudinem.
548 746 626 810 lllud
641 746 789 828 stringere
805 746 937 829 gladium
946 752 976 810 et
983 753 1067 811 torro
1083 756 1204 827 aspectu
1219 747 1316 810 dicere
1329 767 1336 808 :
1351 747 1379 808 is
1393 763 1471 825 quo-

204 862 300 925 modo
321 861 424 925 audet
447 862 592 923 resistem
610 859 723 922 ccidi?
751 858 920 938 hujusmodi
945 866 989 923 est
1015 862 1121 941 privati
1137 861 1193 923 viri
1221 859 1374 934 tortitudo,
1406 876 1472 938 quae

206 974 444 1040 adversaturum
455 974 568 1038 homini
580 993 588 1037 ε
602 989 663 1050 ren,
679 989 790 1052 queem,
803 973 1044 1055 granditoillam.
1063 974 1188 1038 Carmen
1201 972 1271 1058 (lli.
1286 971 1337 1055 7.)
1352 973 1394 1036 ait
1405 969 1468 1056 (iit

210 1112 224 1144 «
240 1104 293 1153 rex
317 1088 428 1152 acriter
452 1094 523 1151 tunc
541 1086 689 1164 irascitur,
718 1087 845 1166 indeque
860 1086 977 1151 ordinat
998 1104 1068 1154 suas
1088 1089 1226 1153 cohortes
1240 1087 1277 1150 ad
1292 1086 1472 1151 cohibendus

206 1201 377 1267 incedentes
393 1209 518 1276 turmas,
540 1207 575 1264 ut
591 1200 722 1264 firmaret
743 1201 865 1265 Tclreou
879 1201 1106 1281 prosperitatem
1121 1206 1213 1279 utque
1228 1201 1420 1279 responderet
1433 1199 1472 1262 ad

207 1322 302 1379 totum
313 1312 559 1398 imperiumlil.»
578 1314 647 1377 liaec
661 1315 739 1378 Wen
750 1312 831 1395 regis
841 1311 983 1379 tortitudo
995 1334 1003 1377 :
1016 1316 1093 1380 Wen
1106 1329 1158 1377 rex
1168 1315 1429 1389 someliratusest,
1441 1319 1473 1376 et

206 1429 323 1508 pacavit
334 1428 449 1508 imperii
460 1429 593 1508 populos.
614 1425 743 1490 Annales
753 1429 856 1490 aiunt:
873 1428 1001 1491 «coelum
1011 1443 1117 1493 creans
1128 1426 1298 1492 interiorem
1314 1428 1466 1506 populum,

207 1542 276 1606 iecit
291 1541 347 1622 ipsi
362 1541 521 1621 principes,
540 1540 608 1605 lecit
622 1539 678 1620 ipsi
693 1541 837 1617 doctores,
858 1554 892 1603 eu
908 1548 1007 1606 mente
1022 1548 1055 1604 ut
1069 1541 1125 1621 ipsi
1140 1541 1281 1620 adjuvent
1297 1518 1472 1619 supremum

205 1656 439 1731 Dondnutorem,
456 1654 587 1735 adeoque
602 1654 760 1717 lionomvit
774 1669 826 1717 eos
839 1654 870 1717 in
886 1661 1014 1733 quatuor
1028 1654 1101 1719 locis
1117 1672 1124 1716 ε
1142 1653 1213 1717 ltine
1228 1670 1296 1716 reus
1311 1651 1471 1717 criminum

206 1775 237 1832 et
256 1784 363 1848 expers
384 1773 514 1847 peccato,
549 1766 668 1832 nonnisi
691 1784 780 1847 penes
801 1783 860 1831 me.
894 1767 929 1830 ln
949 1768 1073 1848 imperio
1095 1768 1162 1846 quis
1182 1767 1301 1830 audebit
1321 1781 1472 1846 apponere

207 1881 479 1961 praevaricationem
490 1881 590 1945 animo
600 1895 654 1944 suo
666 1876 730 1964 (tlt
742 1907 755 1937 »
782 1880 865 1943 Unus
882 1879 928 1944 uir
944 1882 1110 1946 inordinate
1126 1897 1194 1945 cum
1211 1886 1316 1962 egeret
1331 1879 1361 1942 in
1376 1879 1470 1958 impe·

208 1996 263 2070 rio,
285 1994 331 2059 (iu
347 2012 399 2059 rex
417 1995 535 2059 erubuit
558 1996 614 2060 hoe
630 1990 684 2078 (5).
708 1994 769 2059 Ista
791 1993 847 2057 luit
861 1994 906 2058 On
928 1994 1009 2078 regis
1031 1993 1183 2069 fortitudo,
1205 2000 1236 2057 et
1251 1992 1296 2056 Ou
1311 2008 1364 2056 rex
1379 1992 1470 2056 etium

208 2110 299 2173 semel
315 2108 447 2173 nascens
458 2108 700 2189 pacantimperii
711 2108 845 2188 populos.
864 2108 949 2173 Nunc
959 2108 983 2171 si
995 2123 1047 2174 rex
1057 2108 1146 2172 etism
1157 2107 1248 2171 semu
1259 2106 1392 2170 irascens
1401 2105 1471 2169 inde

207 2221 341 2301 pacificet
358 2222 475 2303 imperii
497 2222 633 2302 populos,
657 2221 756 2304 populi
777 2222 874 2285 solum
895 2221 1040 2285 timebunt
1055 2238 1093 2285 ne
1108 2237 1161 2285 ren
1175 2235 1235 2285 non
1252 2227 1332 2286 umet
1353 2219 1470 2284 tortitu-

207 2334 317 2400 dinem

264 2448 295 2513 l.
318 2450 384 2514 T‘si
400 2450 488 2514 Siuen
505 2465 558 2513 rex
572 2448 672 2512 inrisit
688 2448 847 2513 Mentsium
861 2449 892 2513 in
907 2448 985 2512 niuis
999 2447 1108 2529 palatio
1121 2445 1175 2533 (iil.
1199 2449 1263 2513 Rex
1276 2446 1318 2510 ait
1330 2464 1337 2509 ε
1351 2444 1471 2526 sapiens

206 2560 335 2627 etiamne
350 2563 439 2627 lrabet
453 2565 517 2627 lraec
529 2562 767 2627 oblectamento?
787 2563 930 2627 Mentsius
946 2563 1097 2642 respondit
1110 2581 1117 2625 :
1131 2545 1231 2626 habet.
1249 2560 1320 2624 Etsi
1331 2560 1398 2639 quis
1409 2574 1470 2623 non

207 2675 350 2751 obtineat,
375 2684 446 2741 tuno
466 2677 613 2741 obtrectat
633 2676 696 2739 suis
716 2676 929 2755 superioribus.
964 2677 1028 2740 Nou
1052 2675 1191 2751 obtentis,
1215 2676 1384 2739 obtrectans
1406 2672 1471 2734 suis

207 2789 420 2868 superioribus,
438 2798 540 2869 peccat
551 2809 559 2852 ε
572 2789 624 2853 sed
638 2803 732 2871 agens
743 2790 842 2869 populi
858 2789 1053 2869 superiorem,
1071 2796 1100 2852 et
1110 2803 1169 2853 non
1185 2804 1254 2852 cum
1270 2787 1377 2868 populo
1388 2801 1469 2850 com·

207 2902 363 2967 munimus
377 2904 497 2984 gaudia,
514 2904 603 2968 etium
619 2909 731 2982 peccat.
755 2902 784 2965 Si
800 2903 929 2984 gaudeat
943 2903 1044 2982 populi
1062 2902 1215 2984 gaudium,
1237 2901 1364 2981 populus
1378 2901 1470 2963 etlam

207 3016 346 3095 gaudebit
356 3015 421 3094 eius
431 3016 572 3099 gaudium
585 3035 593 3078 :
607 3016 632 3079 si
642 3021 768 3080 moereat
781 3015 882 3095 populi
897 3028 1068 3091 moerorem,
1085 3016 1212 3095 populus
1227 3014 1317 3078 etiam
1331 3011 1471 3076 moerolrit
1529 3002 1536 3011 '

207 3127 271 3204 ejus
296 3144 468 3193 moerorem.
504 3128 643 3194 (laudens
671 3129 708 3194 de
726 3128 862 3209 imperio,
897 3144 1027 3193 moerens
1053 3129 1089 3194 de
1118 3128 1255 3208 imperio,
1288 3143 1343 3193 nec
1367 3132 1469 3188 umen

207 3240 265 3304 late
275 3258 417 3325 regnans,
434 3245 566 3307 nondum
577 3243 625 3306 hic
635 3242 698 3307 luit.
719 3242 796 3307 Olim
807 3241 872 3307 T‘si
889 3243 970 3324 lling
980 3243 1104 3324 regulus
1117 3247 1294 3321 percontans
1308 3255 1326 3303 n
1342 3240 1406 3303 ch
1422 3245 1470 3303 tse

206 3354 247 3417 ait
263 3374 271 3418 :
289 3371 347 3438 ego
367 3357 436 3420 volo
455 3368 615 3438 peragrare
630 3357 666 3419 ad
683 3363 799 3421 montes
821 3352 942 3420 Tehoau
963 3356 1013 3420 iou
1028 3362 1058 3420 et
1073 3357 1173 3421 Tenue
1196 3370 1247 3431 ou,
1268 3353 1352 3434 sequi
1371 3368 1467 3428 mare,

245 3604 289 3675 (1)
311 3611 437 3687 Ideoque
450 3631 561 3688 nequeo
573 3611 684 3671 servire.

243 3718 289 3796 (2)
309 3722 435 3801 Regulus
448 3724 530 3801 regni
543 3723 595 3797 ut,
614 3722 681 3783 leesa
698 3723 771 3784 Weu
785 3724 860 3802 regis
873 3725 1051 3799 auctoritate,
1066 3725 1128 3803 jam
1148 3732 1336 3803 occupaverat
1360 3731 1470 3785 terram

206 3839 285 3916 regni
301 3836 394 3907 Yucu‚
407 3857 472 3897 cum
487 3835 563 3896 Wen
576 3857 628 3897 rex
637 3838 718 3915 jueta
731 3838 886 3898 excanduit
898 3840 950 3898 ire.

244 3945 289 4022 (3)
311 3924 353 4010 ἃ
366 3950 461 4009 innuit
474 3952 625 4026 sequelam,
641 3950 770 4027 valetque
785 3929 827 4012 ᾖ
841 3929 897 4025 ἓ,
911 3971 948 4011 ox
962 3951 1025 4026 hoc,
1039 3934 1152 4014 exinde.
1170 3923 1225 4023 ibi,
1239 3951 1346 4011 scilicet
1363 3928 1419 4022 iii,
1435 3963 1470 4013 ut

204 4074 279 4126 recte
293 4073 402 4143 prostat
415 4063 445 4120 in
461 4064 603 4125 Carmine.
620 4038 660 4126 ᾗ(
675 4075 718 4124 est
730 4065 898 4143 respondere
911 4066 971 4144 spei
984 4074 1072 4145 atque
1086 4069 1167 4126 rotis.

244 4168 289 4249 (4)
311 4149 353 4239 fl
369 4152 425 4250 2,
439 4176 554 4256 speciali
567 4177 661 4255 gratia
678 4178 819 4238 exaltavit
839 4176 924 4238 illos:
940 4154 979 4236 'ii‘
997 4158 1051 4253 ἦ,
1072 4179 1177 4240 scilicet
1194 4177 1308 4258 iniquus
1327 4185 1469 4254 tyrannus

204 4267 247 4349 {el
256 4335 266 4367 ,
288 4309 373 4370 quem
395 4291 433 4349 ad
448 4311 495 4350 me
510 4299 620 4369 spectat
633 4291 791 4368 castigare:
805 4265 845 4354 ff
862 4270 1040 4364 &scilicet
1054 4295 1180 4352 insontes
1197 4290 1303 4370 populi,
1318 4309 1388 4368 quos
1403 4313 1470 4355 mea

202 4406 288 4466 refert
301 4402 509 4479 tranquillaret
525 4379 564 4461 i?
582 4379 637 4473 ff,
651 4413 787 4483 usurpato
796 4406 861 4483 jure
874 4404 912 4463 ed
923 4404 1104 4466 rebellionem
1120 4406 1298 4465 contendere.

240 4520 285 4594 (5)
308 4530 348 4547 “··
368 4495 405 4570 Λ
422 4518 555 4594 designat
567 4518 777 4595 imperatorem.
800 4497 841 4581 ᾗ
855 4528 885 4578 et
900 4493 942 4580 ᾗ
955 4518 1178 4578 confunduntur.

1 4653 3 4764 p
241 4628 286 4705 (u)
308 4632 357 4694 Sic
370 4632 526 4692 nocebatur
539 4649 683 4692 umoenum
697 4630 773 4709 regis
786 4630 933 4712 pellitium,
947 4633 1033 4692 modo
1047 4632 1170 4694 Menlsio
1184 4633 1404 4694 commodatum.
