3524 5652
575 514 671 558 curor
692 513 966 564 acturust-rans
984 512 1147 556 roarnaroa
1435 498 1494 557 153

217 642 277 692 non
291 629 338 692 uti
353 644 411 693 rex
427 629 480 693 vel
496 628 554 691 dux
569 625 727 691 honoravit
747 624 922 707 sapientem.
949 626 986 688 Et
1000 625 1100 691 Ghoen
1120 643 1188 692 cum
1209 630 1371 693 ascendens
1392 627 1496 692 invisit

219 741 438 822 imperatorem
464 738 521 825 (ll,
543 740 705 820 imperator
726 739 892 818 hospitatus
908 746 955 803 est
970 754 1115 821 generum
1130 742 1160 809 'm
1176 744 1304 807 moundo
1326 743 1446 823 palatio,
1465 748 1495 806 et

219 854 312 920 etiam
327 854 520 936 pransitabat
534 854 610 934 apud
626 853 741 929 Ghoen3
759 854 988 932 alternatimque
1002 852 1111 935 agebat
1125 855 1307 920 diversorem
1320 862 1349 919 et
1364 857 1494 936 hospita·

220 977 321 1034 torem
339 991 348 1033 :
365 985 405 1034 en
421 969 595 1048 imperator,
612 966 663 1046 qui
678 966 771 1030 amice
788 971 896 1029 tractat
917 967 1066 1046 privatum
1089 969 1196 1032 vimm.
1218 968 1263 1032 ab
1277 969 1415 1033 inferiore
1438 967 1496 1033 coli

221 1084 425 1164 superiorem,
443 1081 551 1145 dicitur
566 1081 712 1144 honorare
735 1080 941 1143 honorandum
963 1077 1023 1163 (1);
1040 1095 1057 1143 a
1073 1083 1224 1161 superiore
1238 1083 1296 1146 coli
1310 1082 1493 1158 interiorem,

221 1197 336 1262 dicitur
350 1198 450 1261 colere
466 1195 644 1275 sapientem3
663 1193 809 1258 honorare
825 1193 1032 1257 honorandum
1042 1195 1179 1260 etcolere
1194 1196 1368 1275 sapientem,
1385 1196 1495 1260 utrius·

223 1327 285 1391 que
300 1311 427 1391 equitas
442 1310 545 1373 eadem
560 1314 617 1373 est.

288 1427 319 1489 4.
343 1427 422 1489 Wan
438 1423 551 1504 tehang
571 1420 759 1503 interrogans
774 1419 816 1483 ait
832 1440 840 1483 ε
858 1421 954 1485 ausim
976 1422 1173 1503 interrogare,
1195 1422 1289 1487 arnice
1312 1424 1498 1489 munusculis

228 1538 385 1622 congredi,
402 1552 461 1616 quo
476 1535 526 1599 111
540 1534 659 1598 animot
686 1533 830 1598 ldentsius
845 1535 997 1615 respondit
1014 1555 1021 1598 :
1041 1536 1224 1600 reverentie.
1254 1536 1357 1600 Subdit
1375 1556 1382 1600 :
1400 1553 1435 1602 ea
1451 1552 1496 1601 re·

230 1668 348 1727 casare,
369 1651 538 1728 iterumque
559 1663 709 1723 recusare,
733 1654 872 1712 censetur
890 1649 1084 1713 irreverentia
1102 1668 1110 1712 :
1128 1655 1239 1728 quare?
1267 1650 1453 1730 Respondit:
1472 1650 1499 1714 si

232 1764 323 1831 nobili
337 1779 372 1829 ea
388 1763 546 1845 largiente,
564 1768 691 1842 peteres,
708 1761 749 1836 id,
767 1776 826 1840 quo
840 1761 903 1841 ipse
914 1778 949 1826 ea
960 1762 1127 1842 acquisivit,
1144 1780 1262 1842 aequum
1277 1781 1314 1827 ne
1329 1770 1375 1827 est
1389 1779 1427 1826 an
1442 1763 1496 1827 ini·

233 1896 341 1959 quum;
358 1885 389 1942 et
399 1876 516 1940 nonnisi
531 1881 633 1955 postea
648 1890 683 1939 ea
698 1873 846 1952 reciperes
858 1895 865 1937 :
878 1875 908 1938 id
920 1875 1079 1940 haberetur
1093 1891 1147 1955 pro
1162 1877 1371 1951 irreverenl.ia;
1388 1884 1418 1941 et
1432 1878 1497 1941 ideo

234 2008 291 2057 non
314 1989 511 2056 recusandum
534 1986 589 2071 (31.
619 1988 723 2051 Subdit
740 2006 747 2050 :
765 1988 790 2050 si
806 1989 890 2063 velis,
915 2005 974 2053 non
997 2005 1049 2069 per
1072 1990 1162 2054 verba
1177 2005 1211 2054 ea
1228 1990 1381 2067 recusabo,
1399 1989 1497 2055 sedin

234 2106 320 2171 corde
340 2103 474 2183 rejiciam
488 2102 551 2178 illa,
569 2102 669 2166 diceus
691 2102 776 2164 illum
798 2102 947 2181 accepisse
962 2118 979 2165 a
995 2104 1103 2183 populo
1119 2105 1183 2167 siue
1198 2105 1362 2182 acquitate3
1380 2111 1411 2169 et
1425 2120 1498 2167 usus

233 2220 290 2284 alio
305 2222 450 2299 pretextu
466 2230 526 2280 non
541 2214 695 2294 accipiam,
712 2231 750 2277 an
766 2230 826 2278 non
841 2215 960 2281 licebitl
976 2217 1138 2296 Respondit
1157 2236 1164 2279 :
1183 2218 1207 2281 si
1223 2218 1273 2281 ille
1288 2218 1499 2298 congrediatur

232 2332 269 2398 oh
279 2332 426 2396 rationale
442 2329 599 2405 motivum,
610 2335 641 2392 et
652 2329 678 2392 si
687 2328 738 2391 ille
753 2343 876 2393 munere
891 2337 1088 2409 prosequatur
1099 2330 1185 2410 iuxta
1199 2330 1407 2409 urbanitatem,
1427 2336 1500 2394 tunc

231 2445 392 2512 donsucius
416 2443 578 2521 accepisset
601 2443 686 2506 illud.
719 2442 797 2505 Wau
820 2443 932 2524 tehang
948 2444 991 2507 ait
1007 2462 1014 2505 :
1032 2458 1069 2507 en
1085 2450 1132 2507 est
1153 2444 1203 2523 qui
1225 2444 1339 2507 inhibet
1363 2443 1499 2508 homines

229 2566 316 2625 extra
339 2557 426 2641 regni
451 2561 552 2635 portas
570 2575 577 2618 :
595 2555 621 2618 is
636 2555 661 2618 si
677 2555 833 2619 conveniat
854 2555 940 2634 juxta
964 2557 1156 2636 aequitatem,
1182 2557 1305 2636 eiusque
1329 2573 1439 2620 munus
1460 2556 1500 2619 sit

226 2673 315 2753 iuxta
330 2670 544 2746 urbanitatem,
561 2685 599 2732 an
616 2675 687 2732 tunc
701 2668 800 2733 licebit
816 2668 946 2748 recipere
963 2669 1112 2750 predam?
1133 2670 1295 2750 Respondit
1312 2690 1319 2733 :
1337 2685 1396 2735 non
1414 2669 1497 2745 licet;

228 2788 337 2866 il‘ang
353 2783 500 2848 monitum
515 2782 576 2847 ait:
594 2782 794 2847 «occidentem
804 2788 835 2847 et
845 2781 1066 2848 subvertentem
1082 2783 1217 2848 homines
1231 2784 1268 2847 ad
1284 2783 1494 2864 praedandum,

229 2899 410 2979 stupideque
431 2911 490 2959 non
513 2895 666 2961 timentem
691 2901 830 2971 mortem,
847 2912 864 2961 e
879 2903 942 2961 toto
964 2897 1072 2977 populo
1096 2898 1197 2960 nullus
1217 2912 1276 2961 non
1297 2903 1496 2973 execratum»

231 3011 406 3092 hujusmodi
421 3008 492 3089 quin
508 3016 679 3089 expectetur
703 3009 876 3087 admonitio,
901 3010 1049 3089 plectendi
1073 3016 1153 3073 sunt.
1178 3010 1225 3074 Yn
1239 3010 1353 3089 accepit
1367 3025 1386 3073 a
1400 3009 1455 3073 llia
1470 3015 1501 3073 et

231 3127 357 3190 Tcheou
381 3122 494 3201 accepit
509 3137 526 3185 a
541 3123 602 3199 Yn,
620 3122 656 3186 iis
670 3122 744 3185 nihil
769 3120 938 3201 dicendum,
960 3131 990 3188 et
1004 3125 1063 3187 huc
1084 3139 1178 3202 usque
1200 3131 1245 3188 est
1260 3123 1291 3186 in
1306 3123 1411 3205 vigore
1427 3118 1469 3206 (1)
1489 3141 1496 3185 :

234 3238 385 3318 quomodo
404 3250 478 3319 ergo
492 3235 556 3315 ipse
571 3236 720 3315 acciperes
740 3235 844 3299 illam?
871 3236 974 3301 Subdit
991 3257 998 3299 :
1017 3236 1151 3300 hodierni
1173 3237 1269 3319 reguli
1290 3242 1501 3316 extorquentes

236 3368 301 3415 rem
316 3365 334 3414 a
349 3351 459 3431 populo
481 3350 602 3430 perinde
616 3356 687 3413 sunt
700 3364 736 3413 ac
750 3349 776 3412 si
791 3349 1014 3428 praedarentur.
1034 3350 1064 3413 Si
1079 3351 1158 3430 quod
1179 3349 1277 3415 debito
1291 3365 1346 3414 suo
1361 3350 1420 3412 ritu
1435 3364 1500 3411 mu·

238 3465 371 3529 musculis
391 3469 620 3543 prosequantur,
641 3463 744 3527 statim
763 3463 881 3543 sapiens
901 3463 1024 3542 recipiat
1037 3463 1101 3539 illa,
1117 3464 1213 3527 ausim
1229 3464 1415 3545 interrogare
1430 3459 1501 3541 quid

241 3579 297 3642 hoc
310 3577 467 3661 significet.
491 3576 652 3657 Respondit
670 3595 678 3640 ε
696 3582 728 3639 tu
744 3582 842 3656 putas,
859 3575 885 3640 si
900 3577 1009 3656 aliquis
1022 3576 1184 3656 imperator
1204 3581 1373 3657 exurgeret,
1393 3575 1500 3639 collec-

243 3698 339 3755 tumut
354 3706 421 3755 esse
436 3678 595 3754 hodiernos
610 3691 731 3773 regulos
745 3690 782 3752 ad
796 3690 877 3769 ipsos
891 3690 1121 3766 interficiendos,
1133 3704 1171 3754 an
1183 3705 1252 3754 vero
1268 3688 1353 3752 illum
1368 3686 1500 3751 admoni-

243 3810 340 3869 tumm
355 3820 422 3869 esse
436 3819 499 3881 eos,
516 3819 572 3868 nec
586 3810 686 3868 umen
701 3803 885 3877 emendatos,
902 3812 973 3867 tunc
987 3804 1107 3867 demum
1122 3802 1290 3868 occisumm
1301 3817 1353 3867 eos
1362 3801 1425 3865 iore
1436 3800 1501 3879 (5)²

243 3919 353 3984 locare
374 3933 437 3994 eos,
462 3918 514 3997 qui
539 3917 618 3998 quod
639 3932 699 3980 non
721 3925 767 3981 est
786 3916 919 3996 ipsorum
943 3916 1106 3980 dominium
1131 3915 1263 3995 capiunt,
1290 3917 1432 3991 latmnes,
1456 3918 1503 3977 est

278 4169 324 4250 (n
347 4153 480 4239 hvnc
495 4155 550 4236 l:.

278 4282 324 4361 (a)
348 4268 479 4353 illicem
494 4267 602 4364 111,
609 4311 673 4370 pe,
687 4310 715 4349 a.

277 4395 325 4477 (8)
343 4407 374 4466 tt
375 4428 391 4467 1
404 4405 527 4466 videaris
539 4423 662 4465 asserere
675 4404 887 4481 acquisitionem
900 4402 1035 4479 iniquam.

277 4510 326 4593 (4)
344 4516 456 4581 Textus
468 4517 592 4578 babetur
603 4526 759 4597 corruptus.

277 4624 321 4705 (5)
341 4635 412 4695 Non
425 4651 496 4710 ergo
518 4631 636 4691 haberet
657 4633 701 4692 uti
714 4630 824 4689 viarum
846 4634 1028 4706 gramatoree,
1043 4627 1166 4705 quisine
1179 4630 1287 4708 praevia
1307 4625 1502 4688 admonitione

236 4751 335 4813 statiua
347 4748 438 4810 moni
449 4746 564 4807 dautur.
