3672 5690
758 449 861 492 morra
882 448 1016 493 scrrrnrux
1460 442 1516 498 159

296 563 326 628 9.
348 560 432 635 bueo
446 561 568 637 dicitnr,
583 561 657 626 berre
670 561 880 624 administrans
902 578 1041 643 rognum,
1065 563 1151 626 debet
1165 580 1247 643 prius
1269 565 1407 630 ordinare
1429 582 1515 629 suam

258 675 408 751 familiam,
436 691 546 755 nempe
566 690 651 738 snam
671 675 814 738 familiam
828 690 888 738 non
903 692 989 755 posse
1003 676 1157 740 instituere
1172 684 1202 741 et
1217 684 1317 742 tamen
1332 694 1418 759 posse
1431 678 1515 742 insti-

258 797 337 853 tuere
360 788 447 865 alios,
463 787 494 851 id
508 805 568 852 non
583 787 692 852 existit.
723 788 793 852 Ideo
816 789 934 868 sapiens
948 790 994 852 vir
1008 804 1066 852 non
1081 792 1233 871 egreditur
1254 792 1353 868 domo,
1370 797 1515 856 ettamen

258 901 366 984 perlinit
380 901 599 965 institutionem
613 900 642 964 in
658 917 752 983 regno
768 921 776 964 ε
793 918 862 965 narn
877 903 971 982 pietas
989 902 1097 978 filialis,
1114 918 1149 966 ea
1163 910 1209 966 est
1222 920 1280 983 que
1294 904 1516 968 inserviendum

258 1014 390 1096 principi,
405 1019 437 1078 et
450 1015 617 1078 reverentia
638 1014 781 1091 fraterna,
805 1015 855 1078 illa
869 1031 998 1095 quaeum
1022 1016 1285 1095 obtemperandum
1311 1018 1514 1101 magnatibus,

257 1137 286 1194 et
298 1129 459 1193 domestica
478 1128 657 1210 benignitas,
673 1128 725 1192 illa
739 1144 867 1209 quaeum
880 1129 1086 1208 imperandum
1101 1131 1209 1208 populo
1225 1127 1280 1213 (l).
1304 1130 1407 1212 K‘ang
1422 1131 1516 1195 moni·

257 1250 330 1319 tum,
347 1241 413 1305 love
427 1244 582 1321 populum,
597 1242 650 1319 ait,
672 1242 775 1306 «sient
788 1242 904 1306 foveres
917 1243 1005 1306 modo
1020 1243 1153 1324 genitum
1176 1243 1365 1307 infantulum.
1381 1268 1395 1298 1>
1413 1243 1518 1306 Matris

257 1371 306 1420 tor
329 1355 463 1434 impense
486 1355 609 1434 inquirit
632 1354 696 1434 ejus
719 1355 874 1431 desideria,
890 1361 921 1419 et
933 1355 1050 1419 etiamsi
1074 1370 1133 1419 non
1159 1357 1299 1439 attingat,
1324 1357 1403 1420 haud
1427 1358 1518 1438 longe

257 1467 408 1532 abscedit:
425 1474 457 1533 et
469 1483 542 1532 sane
555 1470 687 1532 nondum
700 1467 756 1532 suit
769 1485 835 1547 qnae
848 1467 976 1533 tlseeret
989 1468 1122 1532 enutrire
1137 1469 1241 1547 tilium,
1257 1477 1287 1533 et
1301 1476 1402 1549 postea
1426 1469 1517 1533 nube·

257 1588 301 1645 ret
316 1578 371 1665 (9).
401 1581 467 1645 Una
481 1581 593 1646 lanulia
606 1582 665 1661 pia,
682 1587 744 1646 toto
758 1598 853 1664 regno
878 1581 993 1647 florebit
1017 1582 1131 1661 pietas3
1156 1598 1216 1645 una
1239 1583 1350 1647 lanula
1374 1582 1515 1659 officiosa,

257 1701 349 1759 totum
373 1710 502 1776 regnum
526 1695 631 1758 evadet
654 1694 837 1770 officiosum
862 1711 900 1759 ex
920 1711 980 1759 uno
1002 1696 1123 1761 bonrine
1145 1696 1251 1775 cupido
1265 1703 1295 1759 et
1308 1696 1399 1772 malo,
1425 1696 1517 1759 totius

257 1808 339 1890 regni
363 1807 485 1891 exurgit
508 1807 687 1872 turbulentia
705 1828 712 1871 :
730 1809 838 1872 borum
853 1815 1036 1872 momentum
1051 1809 1094 1871 sie
1108 1816 1164 1872 est.
1187 1810 1262 1871 ilino
1275 1808 1382 1872 dicitnr
1399 1828 1406 1871 :
1423 1824 1517 1872 unum

255 1921 378 1986 verbum
392 1922 500 1986 evertit
513 1922 644 2003 negotia,
661 1938 738 1985 nnus
752 1922 798 1984 vir
810 1921 908 1985 tlrmat
921 1937 1059 2004 regnum.
1077 1922 1121 1984 lta
1137 1922 1200 1986 Yao
1214 1929 1244 1984 et
1257 1922 1356 1985 tlboen
1369 1921 1516 2004 guberna·

255 2034 326 2098 bant
337 2035 497 2114 imperium
507 2051 575 2099 oum
586 2034 801 2111 benevolentia,
813 2041 844 2099 et
853 2036 980 2113 populus
993 2035 1127 2101 imitatus
1136 2043 1182 2098 est
1191 2051 1242 2099 eos
1259 2054 1266 2097 :
1284 2033 1339 2099 ltie
1353 2042 1383 2099 et
1396 2035 1518 2098 Tobeou

256 2147 462 2230 gubernabant
488 2148 645 2228 imperium
667 2165 735 2213 oum
757 2146 943 2223 erudelitate,
959 2153 989 2212 et
1003 2149 1130 2227 populus
1150 2149 1284 2213 imitatus
1298 2155 1345 2212 est
1358 2164 1418 2212 eos.
1442 2147 1473 2210 Si
1487 2147 1518 2210 id

256 2261 332 2340 quod
355 2262 537 2342 precipitur,
562 2263 745 2326 eontrarium
759 2263 798 2325 sit
818 2260 846 2325 ei
859 2261 939 2340 quod
962 2262 1047 2326 laetis
1071 2268 1201 2337 amatur,
1225 2268 1297 2325 tune
1311 2262 1436 2342 populus
1457 2276 1518 2324 non

255 2374 477 2439 obsecundabit.
499 2376 561 2441 Hae
573 2376 609 2441 de
623 2391 724 2453 eausa,
740 2376 859 2455 sapiens
872 2374 962 2440 babeo
974 2376 1005 2438 in
1020 2375 1128 2454 seipso,
1145 2384 1175 2441 et
1189 2382 1260 2441 tuno
1274 2375 1367 2457 exigit
1379 2374 1416 2437 ab
1429 2375 1515 2450 aliis3

219 2817 224 2825 .
294 2730 338 2809 (l)
358 2738 464 2800 Beoole
483 2738 551 2798 illud
569 2715 606 2798 ἕ
621 2712 661 2797 ‘id
677 2738 825 2817 explicans
848 2737 973 2818 aliquam
996 2739 1131 2811 litteram,
1146 2749 1175 2799 et
1188 2736 1259 2799 iliud
1275 2714 1316 2798 ᾖ
1334 2717 1373 2801 d]
1388 2738 1518 2798 indicans

255 2873 345 2927 usum,
359 2873 416 2930 quo
428 2854 561 2925 adhibito,
569 2873 624 2931 per
636 2872 726 2930 quom

295 2962 339 3035 (2)
359 2966 416 3026 Hio
430 2966 507 3027 enim
521 2986 600 3026 emor
613 2986 631 3025 a
644 2974 749 3026 natura
769 2965 885 3025 inditur.
907 2966 985 3024 Nota
999 2985 1065 3024 vero
1079 2966 1196 3024 modum
1216 2963 1346 3038 aiterum,
1361 2983 1418 3042 quo
1437 2942 1474 3025 ἕ
1488 2973 1518 3024 et

256 3055 297 3139 de
312 3078 395 3139 simol
408 3080 638 3157 oonjnngnntrrr:
653 3078 723 3139 alies
737 3079 814 3139 enirn
833 3055 1064 3152 ssineidentem,
1082 3054 1122 3139 ‘id
1137 3076 1297 3138 absolutam
1312 3078 1437 3157 phrasim
1451 3098 1519 3136 eon-

256 3190 404 3270 eludebat3
419 3192 597 3270 hloutraqne
607 3189 738 3252 adfinem
750 3192 883 3267 rejicitur,
895 3167 934 3249 ἓ
944 3192 1125 3272 partieipium
1138 3210 1218 3269 nque
1231 3190 1396 3263 denotante,
1410 3191 1519 3249 disceres
1604 3208 1608 3214 ·

256 3314 282 3363 et
294 3308 404 3380 nubem
419 3326 481 3384 qetae
493 3307 608 3364 desseret
620 3315 646 3364 ot
658 3307 777 3365 trudeat.

255 3519 325 3628 ‘ssd
354 3526 473 3609 T‘soso‚
501 3537 691 3597 obsecundare
720 3558 727 3595 ε
754 3537 834 3613 sequi
861 3558 869 3595 z
903 3506 970 3617 (ᾗῇ
998 3521 1143 3609 T‘orrnon,
1155 3535 1290 3610 Temnon,
1300 3536 1379 3595 Nero
1388 3534 1518 3608 sinensis,

355 3671 392 3711 ex
407 3674 414 3712 ε
428 3631 494 3739 (ᾗῇ
516 3628 580 3732 ᾖ,
601 3659 702 3727 sponte
715 3658 745 3709 et
758 3658 866 3728 pacate.
998 3649 1096 3710 finiens
1130 3650 1282 3710 secundam
1318 3649 1481 3726 dynastiam
1510 3670 1518 3709 a

357 3765 472 3838 Gnoso,
492 3741 561 3847 (did
576 3740 646 3848 ᾗ,
670 3764 719 3823 diu
734 3764 764 3821 in
778 3783 808 3822 se
828 3781 870 3821 re·
1000 3761 1096 3840 lignea
1109 3761 1259 3840 postilena.

356 3880 476 3940 flectere.
492 3880 594 3940 Tsosa
616 3852 682 3960 m,
695 3885 782 3937 ronta.
805 3850 869 3956 (ὗῖ
916 3852 986 3965 ἧς)
999 3874 1071 3949 Plo,
1108 3875 1235 3937 orndelis.
1265 3850 1318 3962 ᾖ
1346 3873 1418 3948 Pon,
1442 3878 1518 3938 inso-

358 3993 468 4065 Tsono‚
502 3991 577 4051 altus
609 3992 763 4051 cincinnus
806 3970 871 4079 st>
999 3989 1058 4050 lare
1072 4011 1080 4048 ε
1094 3988 1284 4049 manifestare.
1298 3993 1334 4050 R.
1350 3988 1396 4050 72.

354 4102 466 4180 Tenue,
492 4104 606 4166 assecla.
639 4104 728 4176 Seno,
752 4122 813 4165 esse
837 4104 871 4163 de
922 4083 988 4191 ff
1001 4101 1088 4176 Lxxo,
1102 4102 1226 4163 edictum
1239 4125 1247 4161 z
1262 4103 1373 4175 nobilis,
1396 4101 1519 4163 honora-

357 4220 501 4279 oomrunni
527 4220 621 4298 stirpe.
666 4214 769 4277 Tsouo
795 4192 871 4302 W,
1001 4227 1056 4276 tus.
1085 4192 1142 4306 ’θ’
1165 4215 1252 4289 Luna,
1278 4189 1334 4303 ff
1361 4189 1434 4305 ᾖ,
1461 4235 1519 4278 ser·

337 4333 509 4394 ¹remittere.
1002 4349 1062 4391 rus.
1078 4333 1115 4392 lt.
1131 4333 1159 4392 9.

268 4418 338 4536 Q
354 4444 420 4520 Itu,
444 4445 523 4506 Nero
545 4446 675 4519 sinentis,
698 4443 796 4519 liniens
818 4445 873 4523 pri·
908 4418 974 4534 (ᾖ
1000 4443 1077 4519 Fau,
1092 4445 1232 4505 eontraire
1246 4466 1254 4504 t
1267 4444 1519 4506 revertitsnbrer*

355 4559 801 4638 mamdynnstiarnastipeaqno
813 4559 874 4637 gal·
1003 4567 1072 4619 tere.
1105 4538 1185 4644 (ᾖ,
1211 4555 1517 4637 ωδ]ἰοεω,τθῑ)ε11ωε

351 4673 413 4743 lim
424 4672 537 4736 inuidet.
1004 4669 1108 4733 votare
1126 4672 1164 4731 lt.
1179 4673 1227 4733 29.

1399 4787 1436 4843 21
