3524 5652
538 503 633 546 cerus
654 502 786 553 cunmtm
799 502 926 545 -nans
945 503 1035 546 esron
1369 493 1426 551 535

162 616 452 683 administrationem
474 616 611 695 suscepit.
636 617 700 681 Yao
722 617 827 698 regula
848 616 938 681 habet
955 637 962 680 :
981 624 1046 696 post
1069 617 1174 700 viginti
1195 624 1225 682 et
1240 624 1306 683 ceto
1332 636 1427 683 annos

162 730 478 795 benemerentissimus
492 730 537 792 rir
550 729 612 809 jam
634 729 767 794 aseendit
780 740 811 793 et
824 730 975 795 descendit
996 730 1042 808 (1)
1061 750 1068 794 :
1087 734 1213 812 populus
1234 733 1355 811 perinde
1376 750 1426 812 pu-

163 843 292 909 rentavit
312 858 349 908 ac
369 843 514 907 defunctis
539 843 723 925 genitoribus
748 843 842 908 tribus
866 844 968 920 annis;
994 849 1026 907 et
1046 851 1172 923 quatuor
1193 847 1254 909 cris
1275 848 1428 925 suppressi

162 958 310 1021 siluerunt
331 963 400 1021 octo
421 957 495 1021 soni.
524 956 681 1021 Gentuoius
696 958 738 1020 ait
755 975 762 1020 :
780 958 889 1020 coelum
906 973 965 1021 nco
980 957 1071 1021 habet
1091 958 1165 1022 duos
1187 960 1276 1034 soles,
1300 961 1428 1038 populus

162 1070 515 1151 nonhabetduosreges.
536 1070 567 1133 Si
576 1071 675 1135 Choen
684 1070 746 1149 jam
757 1070 861 1135 fuisset
870 1069 1040 1150 imperator,
1061 1076 1091 1134 et
1100 1071 1221 1151 insuper
1231 1072 1362 1136 duxisset
1372 1073 1427 1136 im·

162 1183 236 1264 perii
247 1183 370 1266 regulos
377 1185 414 1247 ad
422 1176 570 1265 agendum
581 1183 753 1263 imperatori
764 1184 828 1249 Yac
839 1184 1014 1249 triennalem
1025 1186 1151 1260 luctum,
1162 1184 1224 1264 iam
1234 1186 1292 1249 duo
1303 1184 1429 1249 fuissent

162 1298 369 1377 imperatores.
393 1297 468 1361 flien
481 1296 582 1361 k‘ieou
597 1312 690 1379 mong
710 1298 809 1362 subdit
825 1318 832 1361 :
851 1297 929 1376 quod
944 1297 1043 1362 doceo
1059 1312 1118 1360 nuo
1134 1297 1270 1362 babuerit
1283 1297 1314 1362 in
1330 1299 1427 1363 subdi-

163 1416 226 1474 tum
242 1410 320 1488 Ya0,
339 1411 474 1489 equidem
490 1425 547 1493 ego
561 1410 622 1490 jam
638 1411 719 1490 potui
735 1411 837 1476 audire
851 1412 1071 1475 documentum.
1095 1408 1274 1476 troarnen
1292 1410 1341 1494 (II.
1361 1409 1427 1496 51.)

96 1580 104 1595 ,
161 1524 228 1587 ait:
251 1524 365 1588 subeas
380 1524 488 1587 coelum
504 1524 590 1602 inira,
610 1526 693 1588 nulia
708 1540 767 1589 non
783 1531 829 1587 est
843 1524 1032 1603 imperatoris
1053 1531 1151 1602 terra3
1175 1526 1260 1607 legas
1281 1531 1429 1589 terrarum

162 1637 254 1722 ripas,
271 1653 360 1701 nemo
371 1637 441 1716 quin
453 1637 491 1700 sit
500 1637 688 1717 imperatoris
703 1638 869 1702 subditus.»
888 1638 987 1702 choen
999 1653 1070 1702 vero
1080 1655 1149 1706 cum
1159 1645 1238 1702 esset
1254 1639 1427 1717 imperator,

161 1751 260 1814 ausim
275 1750 463 1833 interrogare
475 1765 533 1831 quo
544 1757 630 1830 pacto
643 1752 711 1815 lieu
726 1767 798 1817 secu
813 1767 872 1816 non
888 1750 978 1815 tuerit
992 1751 1137 1816 subditus.
1161 1751 1342 1831 Respondit:
1355 1752 1429 1818 iilud

162 1879 285 1929 carmen
300 1879 360 1927 non
377 1863 467 1929 hahet
480 1863 651 1942 hujusmodi
666 1881 787 1933 sensum
800 1884 807 1928 ε
821 1865 873 1929 sed
883 1871 930 1927 est
941 1864 1104 1931 laborantis
1119 1866 1197 1930 circa
1212 1865 1295 1947 regia
1310 1866 1429 1949 negotia

160 1977 203 2041 ita
217 1983 252 2041 ut
267 1992 325 2042 nec
339 1982 439 2056 posset
453 1977 533 2041 aiere
548 1983 697 2057 parentes,
715 1978 766 2058 qui
780 1978 896 2042 dicebat
913 1997 920 2041 :
939 1978 1047 2043 horum
1066 1979 1182 2043 nulium
1197 1979 1269 2061 quin
1284 1979 1323 2041 sit
1337 1979 1429 2059 impe·

162 2091 273 2155 rubens
288 2090 459 2172 negotium
476 2096 507 2154 et
516 2106 573 2173 ego
587 2092 670 2156 solus
684 2091 845 2172 sapientior
859 2091 989 2155 creditus
1004 2091 1151 2174 defatigor
1167 2090 1222 2176 (i).
1245 2091 1430 2172 Quapropter

161 2205 213 2284 nui
222 2204 481 2284 explicassemus,
497 2219 553 2269 nec
568 2205 690 2272 innixus
705 2205 812 2270 littere
825 2203 944 2270 nocebit
957 2206 1069 2284 phrasi,
1089 2221 1145 2270 nec
1160 2206 1314 2270 adherens
1329 2206 1431 2285 phrasi

161 2316 282 2383 nocebit
296 2316 412 2394 sensui;
426 2316 452 2380 si
462 2333 530 2383 cum
538 2317 648 2398 jndicio
663 2324 800 2383 occurret
813 2317 944 2382 aucturis
959 2319 1147 2395 mentitum
1161 2325 1298 2382 censetur
1312 2319 1430 2400 assequi

162 2447 237 2497 rem.
263 2429 347 2502 Quod
362 2431 388 2494 si
402 2431 554 2495 adhaereas
569 2432 670 2511 phrasi
685 2439 716 2496 ct
730 2433 771 2496 nil
788 2432 927 2511 amphus,
944 2447 1013 2500 cum
1027 2432 1083 2495 vie
1097 2432 1200 2500 lactes
1219 2431 1345 2498 Garmen
1363 2430 1425 2517 (111.

163 2541 232 2628 tt.)
244 2543 342 2617 dicat:
356 2560 392 2609 «e
401 2545 521 2608 Tchecu
533 2544 647 2624 reliquo
657 2545 1006 2628 nigricomopcpuicnon
1017 2546 1117 2609 existit
1127 2546 1233 2610 unicus
1243 2553 1426 2625 superstes»

162 2657 188 2720 si
197 2657 372 2737 acquiescas
386 2657 455 2721 huic
470 2657 572 2734 uerbo,
586 2665 656 2722 tunc
666 2659 787 2723 Tchccu
802 2657 914 2729 carebit
928 2661 1086 2738 superstite
1100 2659 1173 2723 cive.
1195 2659 1317 2722 Pietatis
1333 2659 1431 2723 filialis

162 2787 239 2851 apes
254 2772 357 2836 nulius
372 2771 477 2837 elatior
492 2786 581 2850 quam
596 2772 744 2837 honorare
764 2778 903 2853 parentes
920 2792 928 2835 r
946 2772 1110 2837 honorandi
1133 2778 1271 2851 parentes
1292 2774 1430 2837 cumulus

163 2885 267 2950 nullus
282 2883 379 2964 major
393 2898 483 2964 quem
493 2885 529 2949 de
539 2885 664 2964 imperio
679 2885 849 2949 ministrare
866 2883 921 2969 (3).
945 2886 1025 2951 decit
1039 2885 1227 2965 imperatoris
1242 2890 1368 2965 patrem,
1384 2892 1431 2950 cst

164 2997 332 3063 honorandi
346 3012 421 3077 apex
439 3017 446 3060 :
464 2998 500 3062 de
514 2998 639 3078 imperio
654 2998 849 3074 ministrante
867 3005 913 3062 est
927 2999 1115 3063 ministrandi
1130 2997 1281 3077 perfectio.
1303 2999 1429 3063 (tarmen

166 3109 229 3194 (ΙΙΙ.
251 3107 297 3194 9.)
314 3111 397 3174 aiens
414 3111 568 3193 :cjugiter
582 3112 718 3194 cogitans
733 3113 850 3193 pietatis
865 3128 998 3191 sensum,
1016 3111 1141 3192 piissimi
1154 3111 1246 3175 animi
1261 3111 1316 3175 tuit
1331 3128 1428 3177 exem·

164 3226 271 3305 plan»
290 3223 417 3303 idipsum
437 3225 586 3303 exprimit.
608 3222 739 3289 hnnales
760 3225 894 3289 habent:
916 3233 1115 3290 «reverenter
1137 3226 1269 3288 serviens
1284 3224 1430 3288 invisebat

163 3339 232 3403 Kou
248 3353 332 3413 secu,
355 3337 581 3403 venerabundus
596 3343 626 3401 et
641 3338 853 3404 tremebundus
869 3358 877 3401 :
895 3340 961 3403 Kou
977 3354 1049 3404 secu
1063 3339 1153 3403 etium
1174 3337 1268 3402 ddens
1287 3337 1428 3416 obsequo-

164 3451 254 3516 batur
270 3447 348 3534 (4).»
371 3451 416 3514 lta
431 3451 482 3530 qui
496 3457 543 3516 est
557 3458 642 3530 pater
655 3468 715 3515 non
731 3459 828 3531 potest
842 3452 944 3517 haberi
960 3452 1037 3515 filius
1052 3450 1106 3536 (5).

225 3565 256 3627 5.
280 3566 359 3629 Wan
374 3565 554 3647 tehangait:
571 3564 634 3630 Yao
649 3566 686 3630 de
700 3565 825 3645 imperio
839 3566 965 3632 donasse
980 3566 1091 3642 Gboen,
1109 3572 1193 3629 estne
1208 3570 1333 3630 rerum?
1349 3566 1428 3630 hieu·

164 3678 242 3742 tsius
257 3678 428 3757 respondit:
442 3676 579 3755 minime;
598 3679 760 3758 imperatur
774 3680 877 3760 nequit
886 3695 1004 3744 sumere
1013 3679 1171 3760 imperium
1181 3683 1212 3742 et
1221 3679 1292 3743 dare
1303 3677 1426 3743 homini.

202 4044 253 4123 (1)
272 4053 389 4113 Exutus
400 4062 445 4115 est
457 4073 588 4132 corpore3
604 4055 701 4115 anima
715 4056 851 4128 ascendit,
865 4074 963 4134 eorpus
975 4054 1130 4115 descendit.

205 4157 251 4237 (2)
273 4167 379 4227 Omnes
402 4187 482 4246 reque
495 4177 563 4226 sunt
586 4169 763 4247 imperatoris
786 4167 1170 4247 subdit13quareeg0solus
1193 4185 1323 4246 occupor,
1347 4166 1428 4246 qnasi

162 4279 243 4342 solus
255 4300 344 4340 mecm
356 4282 487 4360 sapienti

204 4383 254 4462 (3)
274 4391 347 4454 Cum
360 4395 450 4473 dignit
462 4395 580 4473 imperio
594 4393 811 4473 magnificentie„

205 4497 254 4576 (4)
274 4484 316 4572 fl
329 4507 406 4569 rdet
422 4485 480 4581 ἶ,
494 4516 524 4567 et
540 4483 679 4572 Usener
693 4483 748 4567 ff

204 4610 252 4693 (5)
271 4620 348 4682 Sunt
360 4622 420 4699 qui,
434 4622 523 4699 juxta
534 4621 706 4700 supradicta,
720 4620 867 4699 explicant
875 4631 957 4700 puter
969 4640 1025 4681 noo
1036 4623 1112 4682 dedet
1125 4633 1246 4683 nudare
1258 4622 1301 4679 uti
1312 4622 1426 4698 filium,-

164 4733 254 4796 fflium
264 4755 366 4818 nempe
378 4736 494 4797 eximie
507 4735 628 4808 virtutis,
641 4738 691 4813 qui
704 4742 816 4817 petrem
830 4735 868 4796 sd
879 4737 990 4814 frugem
1004 4734 1163 4796 adduxerit

245 4866 268 4909 n
1310 4847 1350 4905 68
