3556 5664
512 502 607 547 csrur
627 500 926 547 mammone-raas
944 502 1108 548 rosumere
1390 489 1448 551 stt

178 619 285 694 sericas,
306 633 368 701 ego
384 617 466 682 clare
481 616 575 681 dicam
592 615 655 680 tibi.
674 616 753 681 Olim
769 617 831 682 Lon
846 619 915 682 bion
930 618 1079 698 princeps,
1096 619 1122 683 si
1138 634 1199 682 non
1215 619 1338 684 baberet
1352 619 1448 684 bomi-

178 749 244 799 nem
262 731 299 795 ad
321 731 384 795 Tse
399 746 432 795 sc
447 731 536 807 latus,
558 730 622 811 jnm
641 746 701 794 non
721 737 838 809 poterat
858 731 1021 797 consistere
1040 733 1099 797 Tse
1114 748 1146 796 se
1164 729 1206 815 (ii
1226 752 1233 795 :
1257 731 1305 796 Sic
1325 733 1403 796 lieou
1417 740 1449 797 et

178 848 257 911 iiber
278 845 377 928 sang,
405 845 506 910 sinon
524 844 669 909 baberent
689 844 842 908 bominem
862 845 899 908 ad
919 844 1016 926 reguli
1038 848 1128 923 intus,
1150 845 1213 925 jam
1228 861 1288 910 non
1311 852 1449 925 poterant

177 960 341 1025 consistere
356 959 508 1039 propriam
523 972 682 1037 personam
694 954 748 1042 (2).
773 959 819 1021 Τιι
830 974 883 1038 pro
894 975 942 1023 me
956 960 1074 1024 seniore
1088 959 1220 1041 angeris,
1238 967 1339 1023 utnon
1355 975 1448 1039 quon·

178 1081 241 1137 tum
258 1085 312 1153 pro
327 1072 388 1136 Tse
403 1087 435 1135 se
451 1068 506 1155 (3).
529 1072 614 1135 Tune
630 1070 759 1151 rejecisti
774 1072 931 1149 seniorem,
952 1087 991 1135 an
1006 1073 1106 1137 senior
1121 1072 1224 1152 rejecit
1240 1078 1290 1139 te?

236 1187 290 1251 it.
314 1184 459 1250 bientsius
478 1184 551 1249 abiit
566 1200 583 1248 a
598 1184 675 1248 T‘si.
703 1183 828 1257 Quidam
844 1186 892 1248 Yn
908 1187 964 1251 obe
979 1186 1134 1265 alloquens
1149 1186 1224 1250 aiios
1238 1186 1281 1250 ait
1297 1206 1305 1249 :
1323 1185 1346 1249 si
1362 1186 1448 1267 igno-

177 1301 265 1365 rabat
281 1315 385 1382 regem
399 1314 465 1363 non·
475 1313 562 1378 posse
578 1298 641 1364 fieri
655 1299 756 1380 T‘ang
770 1304 801 1365 et
815 1298 872 1376 On,
890 1299 1078 1378 tumentique
1098 1306 1178 1364 caret
1198 1299 1378 1379 perspicacia
1397 1318 1405 1361 z
1423 1300 1450 1363 si

177 1414 292 1480 sciebat
312 1412 398 1476 ilium
420 1428 480 1477 non
501 1427 600 1492 posse,
624 1417 655 1475 et
675 1411 719 1476 sic
739 1414 837 1477 adbuc
858 1413 950 1491 venit,
974 1413 1106 1492 proiecto
1128 1419 1174 1477 est
1198 1413 1278 1492 quon
1299 1413 1451 1492 quaerebat

176 1527 367 1592 beneficium.
396 1524 477 1589 Mille
492 1524 607 1607 peregit
628 1526 722 1588 stadia
737 1532 772 1590 ut
785 1525 927 1591 inviseret
948 1541 1068 1609 regem3
1093 1542 1152 1591 non
1168 1527 1322 1602 successit,
1339 1532 1369 1589 et
1383 1525 1451 1591 ineo

177 1639 377 1722 proficiscitur
386 1658 394 1702 ε
404 1639 504 1703 triduo
518 1639 711 1718 pernoctavit,
727 1645 757 1704 et
767 1640 965 1704 tuncdemum
975 1645 1198 1722 egressuseste
1208 1640 1347 1704 cheou:
1358 1653 1451 1718 quare

178 1755 223 1819 sic
238 1753 413 1819 omotariet
424 1753 557 1817 haereret
573 1752 815 1817 iiibiveroistud
825 1768 885 1818 non
895 1753 999 1834 piacet
1020 1752 1189 1833 Discipulos
1200 1755 1264 1818 Kao
1274 1753 1359 1817 mein
1370 1760 1450 1816 retu·

141 1906 148 1911 -
178 1867 284 1947 litii).
301 1864 358 1939 Qui
367 1865 425 1930 ait:
435 1867 492 1929 iste
502 1866 551 1929 Yn
561 1867 617 1930 obe
627 1866 677 1946 qui
688 1867 805 1931 noverit
814 1871 881 1930 me?
896 1867 978 1931 Mille
988 1866 1083 1930 stadia
1093 1881 1237 1949 peragere
1247 1872 1280 1930 ut
1289 1866 1451 1931 inviserem

179 1997 295 2064 regem,
316 1981 375 2045 boo
388 1986 452 2045 erat
467 1978 546 2059 quod
560 1994 618 2063 ego
633 1979 772 2059 optabam
789 1999 796 2043 :
814 1995 874 2045 non
889 1980 1068 2045 successisse
1084 1987 1114 2045 et
1128 1980 1212 2060 proin
1227 1980 1324 2057 abire,
1339 1980 1389 2059 qui
1404 1985 1452 2044 est

179 2095 211 2159 id
232 2095 312 2174 quod
333 2109 390 2177 ego
411 2097 540 2172 exoptet
566 2094 630 2174 Ego
646 2110 705 2158 non
721 2093 803 2173 potui
824 2093 921 2158 aliter.
953 2095 1001 2159 bio
1017 2094 1113 2159 triduo
1135 2094 1320 2159 diversatum
1333 2100 1364 2158 et
1379 2100 1452 2157 tnnc

180 2208 353 2273 discessisse
372 2208 541 2283 acheou‚
557 2207 588 2271 in
604 2222 671 2272 meo
685 2207 785 2272 animo
806 2208 903 2272 adbuc
927 2207 1129 2273 existimatum
1154 2222 1342 2287 properasse.
1373 2208 1449 2283 Rex,

181 2321 260 2387 torte
277 2321 397 2386 fortuna
416 2320 543 2385 mutabit
562 2320 645 2399 iilud,
672 2326 702 2386 et
717 2321 742 2385 si
758 2336 811 2385 rex
824 2320 951 2386 mutabit
964 2323 1023 2401 (5),
1048 2329 1112 2385 turn
1127 2327 1207 2386 certe
1223 2320 1374 2385 revocabit
1388 2334 1448 2384 me.

181 2433 221 2499 iit
235 2435 373 2516 egredior
387 2451 405 2499 c
418 2434 552 2512 Tebeou,
568 2439 600 2498 ct
614 2450 667 2499 rex
682 2451 741 2499 non
757 2450 805 2499 me
824 2434 982 2498 abeunmm
997 2442 1133 2512 neronam
1158 2450 1216 2517 ego
1238 2441 1309 2498 tune
1330 2435 1452 2498 demum

182 2550 390 2613 vehementem
406 2548 455 2627 (6)
468 2547 558 2611 habui
574 2548 715 2613 redeundi
730 2550 926 2613 voluntatem.
948 2547 987 2612 nt
1001 2564 1059 2632 ego
1078 2548 1215 2628 quamvis
1230 2548 1284 2625 ita,
1303 2546 1452 2627 quomodo

182 2660 342 2728 obliviscar
362 2667 487 2745 regem?
513 2662 577 2725 Rex
598 2662 696 2725 adbuc
717 2668 804 2742 aptus
827 2667 874 2725 est
895 2662 932 2725 ad
953 2662 1119 2726 iaciendum
1142 2661 1252 2726 bonum
1267 2661 1338 2735 (7);
1358 2677 1410 2724 rex
1425 2660 1453 2724 si

183 2781 287 2840 utatur
306 2791 364 2852 me,
392 2782 463 2840 tunc
478 2790 539 2839 non
558 2776 656 2839 solum
678 2775 744 2840 T‘si
765 2777 890 2856 populus
910 2775 1162 2855 tranquillatum,
1185 2774 1302 2855 imperii
1323 2773 1453 2854 populos
1572 2822 1576 2829 .

183 2895 266 2954 totus
285 2888 448 2968 pacabitur.
475 2888 539 2952 Rex
557 2894 712 2968 peroptato
733 2889 856 2953 forsitan
879 2888 1006 2953 mutabit
1024 2905 1088 2953 rem
1106 2908 1114 2952 ε
1131 2903 1189 2971 ego
1210 2888 1341 2968 quotidie
1363 2902 1452 2967 spero

183 3004 253 3067 boc.
270 3003 334 3083 Ego
349 3001 492 3082 numquid
508 3018 574 3067 sum
584 3002 670 3082 quasi
684 3002 805 3067 illorum
820 3001 923 3066 vitium
940 3002 1095 3069 bominum
1109 3002 1226 3065 instar?
1242 3000 1334 3074 Qmsi
1348 3001 1451 3064 admo·

183 3122 258 3180 nent
272 3115 425 3195 proprium
440 3114 603 3195 principem
614 3122 713 3180 etnon
729 3114 844 3195 recipit,
862 3122 934 3179 tunc
947 3115 1129 3191 irascuntur,
1148 3121 1179 3180 et
1187 3114 1335 3180 irascendi
1345 3129 1453 3178 sensus

181 3233 309 3311 'apparet
321 3228 352 3292 io
373 3244 477 3326 eorum
492 3229 578 3293 vultu
595 3247 602 3292 :
620 3229 764 3294 abeuntes
778 3244 849 3299 vero
872 3229 1049 3294 exhauriunt
1066 3229 1123 3294 diei
1145 3228 1234 3303 vires,
1252 3235 1282 3292 et
1296 3233 1399 3308 postea
1413 3227 1453 3291 ati

226 3593 274 3676 (2)
293 3604 343 3667 uit
366 3605 441 3664 lieorr
455 3625 471 3665 e
485 3624 575 3682 regno
597 3603 670 3679 Lon,
685 3613 714 3665 et
729 3604 811 3666 Chen
834 3604 926 3682 siang,
948 3605 1026 3665 iliius
1049 3605 1106 3665 Tse
1129 3563 1293 3683 nuangi‘
1313 3579 1353 3664 ᾗ
1371 3602 1452 3677 filios,

184 3719 244 3779 duo
256 3726 339 3778 erant
351 3718 502 3795 sapientes,
525 3736 643 3794 quorum
656 3735 743 3794 opera
764 3718 894 3797 princeps
917 3717 1059 3778 utebatur.
1082 3717 1123 3778 At
1140 3719 1250 3797 jugiter
1272 3716 1376 3794 aliquis
1389 3724 1453 3777 eret

187 3832 264 3911 apud
287 3830 452 3909 prinoipem,
475 3832 526 3909 qui
538 3848 604 3890 eom
627 3830 666 3890 ed
681 3831 824 3909 sapientes
847 3829 1028 3891 honorandos
1051 3839 1253 3892 commoneret.
1283 3830 1353 3890 Non
1376 3830 1454 3909 quod

185 3944 332 4005 hominem
344 3944 488 4022 sapientes
502 3944 555 4022 ipsi
568 3944 705 4018 miserint,
719 3945 770 4006 aad
782 3964 817 4003 eo
829 3941 978 4004 deficiente
990 3944 1132 4005 abiissent

226 4048 272 4126 (3)
294 4056 421 4136 Regulus
435 4059 551 4117 miseret.
563 4056 708 4118 hominem
721 4058 760 4117 ad
774 4056 831 4116 Tse
843 4074 874 4117 aa
888 4078 896 4115 ε
910 4064 951 4129 tu,
966 4056 1065 4134 regulo
1079 4057 1223 4118 neminem
1241 4058 1388 4130 mittanis,
1410 4056 1454 4118 ris

185 4189 235 4232 me
247 4171 375 4249 privatm
388 4169 474 4229 homo
487 4170 609 4231 retinere
622 4193 631 4231 r
644 4190 713 4248 ergo
726 4168 811 4249 longa
824 4170 941 4230 minoris
955 4188 1002 4230 mo
1013 4169 1092 4231 fanu

227 4273 274 4354 (4)
293 4284 360 4344 Kao
373 4292 423 4355 ise,
438 4304 455 4342 e
467 4302 557 4362 regno
570 4273 642 4355 T‘si,
656 4284 773 4345 Mentsii
784 4280 945 4362 uioeipulns

226 4386 272 4470 (5)
292 4397 427 4457 Innatum
447 4414 519 4458 aare
532 4395 648 4475 aliquid,
672 4398 714 4457 sib
730 4398 894 4478 Interpm3
914 4396 964 4458 sed
976 4398 1045 4477 (prid
1056 4398 1104 4472 sii,
1128 4396 1254 4459 difficile
1267 4398 1453 4477 investigatu.

189 4489 231 4577 fl
246 4508 325 4572 vnn
338 4488 393 4573 ὲ..

227 4620 274 4694 (6)
291 4602 334 4689 ffi
350 4603 392 4690 st
405 4626 540 4684 torrentis
554 4622 645 4685 instar
657 4626 704 4701 qui
716 4626 844 4688 cohiberi
860 4625 968 4705 nequis

227 4728 272 4807 (7)
295 4713 333 4802 ffl
351 4738 427 4801 rslet
439 4714 483 4802 Β
492 4779 500 4813 ,
517 4715 648 4799 fflraiet
661 4713 721 4797 U.

264 4871 288 4913 11
