3556 5664
593 529 688 572 cartu
709 529 825 572 romeu
839 545 880 558 —
892 530 966 571 raas
986 532 1074 573 reios
1406 518 1469 581 373'

189 644 300 724 populo
310 657 373 707 nou
385 642 560 724 supervenit
569 642 737 720 diminutio,
754 643 855 725 exigui
866 643 922 707 viri
932 645 1041 724 populo
1051 661 1111 708 non
1121 646 1234 710 accedit
1244 656 1462 728 augmentum:

191 761 266 822 curt
286 757 438 823 blentsius
452 757 605 836 respondit
622 775 630 818 :
647 772 701 820 reu
715 762 797 820 amat
812 756 961 834 militiam,
978 757 1057 822 sinat
1072 775 1108 822 cu
1124 759 1228 822 militia
1244 760 1350 823 ducam
1365 777 1465 825 exem·

193 868 343 953 plqull.
359 869 509 954 Tympani
520 869 618 935 sonitu
628 870 777 934 excitante
792 884 855 946 eos,
867 871 959 935 armis
969 877 1000 935 et
1017 871 1138 935 ensibus
1145 872 1208 950 jam
1218 874 1375 951 consertis,
1392 875 1465 954 ubji·

194 988 276 1051 ciunt
290 984 428 1061 loricam,
455 985 580 1047 trahunt
593 998 677 1047 arma
693 989 723 1047 et
737 983 914 1065 aufugiunt3
937 984 1027 1063 aliqui
1043 993 1162 1049 centum
1179 1001 1292 1065 passus,
1316 993 1348 1072 ct
1362 996 1465 1066 postea

196 1100 322 1174 sistun13
339 1098 435 1178 aliqui
448 1098 665 1179 qninquaginta
681 1113 798 1177 passus,
815 1104 846 1161 et
856 1104 958 1177 postea
973 1099 1094 1161 sistunt.
1118 1099 1148 1161 Si
1160 1099 1237 1177 quod
1249 1100 1466 1184 quinquaginta

197 1213 305 1277 luerim
321 1228 441 1293 passus,
458 1210 584 1274 irrident
598 1218 718 1278 centum
734 1224 852 1289 passus,
871 1217 941 1274 tunc
956 1211 1027 1290 quid
1041 1211 1179 1276 videtur?
1199 1211 1249 1277 Ait
1265 1233 1272 1274 :
1290 1228 1349 1276 non
1362 1220 1463 1278 recte:

197 1333 315 1391 mutum
329 1341 390 1389 uon
406 1326 443 1389 ad
458 1331 578 1390 contum
594 1339 708 1403 passus,
730 1324 861 1390 atellam
877 1325 1020 1406 iugerum
1032 1322 1085 1408 (2).
1111 1326 1215 1389 subdit
1227 1346 1234 1390 ε
1248 1342 1313 1402 reu,
1331 1326 1356 1389 si
1368 1327 1468 1391 noscis

197 1441 263 1516 boc,
290 1447 361 1502 tunc
380 1455 418 1502 ue
437 1454 540 1518 speres
561 1438 661 1517 populi
682 1437 900 1502 incrementum
917 1455 976 1517 pra
997 1437 1102 1503 ricinis
1123 1439 1233 1521 reguis.
1265 1440 1309 1504 Ne
1323 1439 1468 1520 impedias

198 1554 391 1636 agricultura
407 1558 541 1631 tempus;
558 1549 663 1633 fruges
678 1567 738 1615 non
759 1557 899 1630 poterunt
918 1552 1033 1614 absumi
1056 1553 1237 1619 comedendo
1255 1572 1262 1616 :
1280 1553 1375 1632 spissa
1393 1554 1468 1617 retia

197 1683 235 1731 ue
254 1666 463 1749 ingrediantur
482 1671 590 1747 stagna
605 1672 636 1728 et
650 1665 749 1739 laeus;
772 1664 868 1743 pisces
882 1673 912 1728 et
928 1666 1092 1729 testudines
1111 1682 1170 1730 nou
1191 1673 1331 1745 poterunt
1352 1666 1469 1730 absumi

198 1796 282 1845 esu:
305 1778 421 1843 securis
439 1777 525 1859 juxta
548 1786 682 1858 tempora
704 1777 890 1859 ingrediatur
912 1778 1058 1842 montium
1080 1780 1190 1862 sylvas,
1214 1787 1245 1844 et
1264 1780 1469 1843 materiarium

199 1894 316 1977 lignum
331 1908 392 1957 uon
407 1891 516 1972 poterit
536 1890 670 1957 consumi
691 1908 760 1958 usu.
790 1892 904 1973 Fruges
923 1908 991 1955 cum
1007 1892 1137 1971 piscibus
1151 1900 1181 1956 et
1197 1893 1393 1960 testudinibus
1407 1910 1468 1958 nou
1574 1950 1577 1954 .

198 2014 339 2088 poterunt
349 2005 466 2070 absumi
476 2005 668 2079 comedendo,
682 2005 885 2069 materialium
896 2005 1011 2087 lignum
1020 2022 1079 2070 nou
1089 2006 1195 2086 prount
1202 2006 1318 2070 absumi
1327 2024 1398 2081 usu;
1411 2008 1471 2072 boc

199 2121 305 2187 elliciet
319 2125 353 2182 ut
368 2119 496 2199 populus
513 2119 575 2180 alat
595 2117 691 2193 vivos,
716 2124 852 2197 parentet
874 2118 1001 2183 mortuis
1020 2120 1084 2183 sine
1104 2121 1236 2199 querela.
1262 2118 1351 2184 Alere
1370 2120 1468 2197 vivos,

199 2240 358 2315 parentare
379 2233 506 2295 mortuis
528 2232 593 2296 sine
608 2231 741 2310 querela,
766 2247 873 2314 regum
889 2231 1050 2311 disciplina
1065 2233 1182 2296 initium
1197 2240 1244 2296 est
1261 2230 1315 2316 (3).
1338 2233 1369 2295 Si
1384 2232 1469 2311 quiu-

200 2364 259 2427 que
276 2347 417 2429 jugerum
439 2345 511 2411 uilla
530 2350 704 2410 conseratur
725 2360 764 2409 ex
782 2345 885 2420 moris,
916 2345 1164 2428 quinquagenarii
1185 2352 1326 2425 poterunt
1347 2346 1471 2410 induere

202 2461 296 2525 serica
314 2479 322 2523 ε
340 2458 535 2542 gallinarum,
552 2459 765 2538 porcellorum,
781 2460 961 2547 catulomm,
979 2474 1136 2538 porcarum
1147 2460 1269 2527 nutritio
1280 2475 1340 2524 non
1351 2460 1471 2524 omittat

202 2590 290 2637 suum
310 2580 439 2652 tempus,
458 2578 492 2664 et
507 2571 727 2653 septuagenarii
747 2579 888 2651 poterunt
908 2571 987 2637 vesci
1007 2574 1147 2637 carnibus
1163 2590 1172 2635 t
1190 2580 1310 2637 centum
1328 2573 1471 2653 jugerum

203 2687 315 2767 campis
329 2702 389 2750 non
405 2688 580 2753 aulbrautur
594 2684 713 2764 propria
730 2691 874 2765 tempora,
887 2692 918 2750 et
930 2686 1092 2749 multorum
1108 2687 1239 2766 capitum
1255 2686 1373 2750 familiae
1389 2693 1471 2765 pote·
1545 2728 1549 2734 -

204 2806 274 2864 runt
288 2816 348 2863 non
362 2801 497 2864 esurire:
511 2814 634 2863 accures
649 2799 844 2881 collegiorum
858 2806 889 2863 et
903 2799 1128 2882 gymnasiorum
1143 2791 1373 2874 institutionem,
1390 2813 1470 2862 eam

204 2929 262 2993 que
280 2914 448 2996 ingemines
462 2928 480 2978 a
495 2911 613 2992 pietatis
628 2918 659 2975 et
679 2912 851 2976 reuerentia
871 2911 983 2989 officiis,
1008 2919 1038 2977 et
1052 2912 1194 2979 semicani
1214 2928 1273 2977 non
1296 2911 1472 2991 baiulabuut

206 3027 395 3090 bumerisvel
406 3028 501 3107 eapite
512 3024 639 3106 pervias
651 3023 705 3109 (4).
725 3025 1086 3109 septuagenariirestiom
1104 3026 1198 3089 serica
1210 3024 1472 3095 etmanducnbunt

205 3154 328 3217 carucs3
345 3139 530 3222 nigricomns
547 3136 589 3224 (5(
608 3140 735 3221 populus
756 3155 816 3208 uon
837 3140 948 3207 esuriet
969 3156 1024 3207 nco
1045 3139 1157 3222 algebit
1181 3159 1188 3202 :
1214 3139 1267 3217 ita,
1291 3145 1322 3204 et
1343 3154 1402 3202 uon
1427 3134 1470 3222 (6)

1429 3305 1468 3316 ...-

246 3388 292 3467 (l)
311 3397 438 3457 Laudari
451 3396 524 3457 solet
538 3398 685 3466 Menenius,
704 3397 778 3474 quod
791 3398 1036 3474 comparationum
1050 3371 1112 3466 (ff
1125 3376 1186 3458 iffi)
1201 3396 1304 3456 calleat
1318 3416 1399 3456 osirin
1413 3417 1420 3456 ι
1436 3396 1473 3456 iis

205 3520 282 3571 ceule
295 3530 369 3587 saepe
382 3509 453 3571 solet
465 3529 546 3570 suain
561 3510 717 3589 explanare
731 3519 865 3584 mentem,
880 3518 910 3569 et
923 3510 1097 3570 adversarios
1110 3509 1253 3570 conficere.

245 3615 291 3694 (2)
311 3602 353 3686 ἦ
369 3623 413 3683 rei
429 3599 486 3693 ff,
499 3625 539 3683 uic
553 3624 655 3702 posita,
670 3624 823 3696 affirmant,
837 3624 930 3698 utique
944 3634 1043 3683 mmet.

247 3728 290 3809 (3)
310 3736 421 3814 Regum
436 3737 593 3815 discipline,
612 3736 718 3798 scilieet
732 3754 798 3797 rere
811 3735 879 3796 olim
893 3737 1075 3817 agranttnm
1089 3744 1253 3801 sanctorum
1267 3736 1472 3814 imperatorum

205 3850 376 3910 institutum.

245 3953 291 4032 (4)
312 3940 355 4025 fl
369 3964 444 4025 idem
459 3983 493 4023 ac
507 3940 564 4032 ΣΕ,
579 3983 659 4042 aque
672 3963 848 4030 dimidiatus,

247 4066 291 4145 (5)
311 4076 403 4156 Nigro
415 4077 518 4156 eupillo
531 4077 663 4137 dicuntur
673 4077 809 4155 juniores.

247 4179 291 4261 (6)
311 4189 365 4259 Qui
378 4211 482 4271 nempe
494 4191 537 4248 ita
557 4209 640 4251 suum
658 4209 778 4269 reguum
799 4190 990 4257 administret,
1011 4199 1044 4250 ut
1058 4189 1235 4269 agriculture
1255 4203 1284 4249 et
1301 4190 1474 4254 iustibuiioui

204 4300 312 4376 savena,
326 4304 477 4364 commoda
494 4304 562 4365 ritae
575 4304 732 4380 mentisque
751 4304 859 4365 mnium
878 4304 1008 4364 societati
1029 4312 1166 4382 procuret,
1179 4304 1204 4364 ia
1219 4304 1349 4363 omnium
1362 4302 1475 4364 animm

203 4417 260 4479 ubi
273 4418 424 4492 devinciet,
437 4425 467 4478 et
480 4435 565 4500 cuper
576 4437 675 4478 omues
687 4417 806 4496 imperio
817 4417 948 4496 potietur.
968 4416 1101 4496 Regnare
1115 4417 1163 4477 hic
1176 4426 1219 4477 esl
1233 4417 1353 4495 imperio
1365 4415 1464 4496 potiri.

302 4651 350 4712 tiri
364 4674 373 4710 ε
388 4658 550 4730 temporum
573 4649 674 4723 crium,
698 4626 819 4735 iiflffl
872 4620 940 4735 ff
954 4647 1021 4721 Tar,
1034 4649 1129 4727 cupite
1150 4655 1263 4725 matare
1277 4668 1286 4705 ι
1299 4646 1472 4726 magniface·

300 4767 473 4827 semicanae.
490 4761 565 4839 Fau,
579 4782 716 4842 maguum
728 4769 825 4842 capul.
954 4781 994 4824 re.
1009 4762 1093 4836 Tuan,
1107 4782 1135 4821 n.
1149 4762 1213 4823 loci.
1228 4762 1263 4821 lt.
1280 4762 1329 4822 62.
