3556 5664
568 515 665 559 oaeur
686 484 876 559 ummou'-
888 515 962 557 raras
981 514 1070 558 esron
1096 548 1098 553 .
1397 500 1461 561 aba

180 628 273 710 patris
288 628 459 705 ministros
477 636 507 693 et
522 628 614 709 patris
629 628 928 705 administrationem,
947 628 1003 691 boe
1017 627 1134 691 dilllcile
1148 627 1294 707 praestari.

238 742 292 807 ta.
315 742 479 808 Adomiuo
498 744 590 825 llong
601 742 703 821 jussus
726 741 815 824 Yang
831 742 880 805 lou
899 757 989 823 agere
1003 741 1132 820 jndicem
1147 742 1346 818 ouuunalem,
1371 743 1456 821 petiit

182 856 339 921 consilium
354 870 372 917 a
389 872 444 920 suo
461 857 605 938 magistro
625 856 727 937 Tsoug
741 862 803 929 tse;
826 855 928 937 Tseng
944 862 987 918 tse
1003 854 1045 917 ait
1062 873 1069 916 :
1087 854 1291 934 superioribus
1312 856 1453 919 aberrau-

182 970 260 1033 tibus
279 985 334 1031 sua
350 970 410 1045 ria,
432 970 558 1049 populus
573 968 746 1032 dissolvitur
764 968 950 1047 jamdudum.
981 967 1011 1030 Si
1027 967 1195 1046 assequeris
1218 968 1260 1030 rei
1282 967 1452 1046 ventamm,

185 1091 254 1148 tuno
269 1083 429 1161 deplorans
444 1084 595 1158 miserare,
616 1089 647 1146 et
661 1080 722 1145 noli
738 1082 868 1163 gaudere
886 1078 941 1164 (l).
1263 1162 1267 1177 ι

240 1196 294 1262 to.
318 1196 377 1260 Tse
388 1196 469 1278 long
478 1196 519 1259 ait
532 1215 539 1257 :
554 1194 742 1275 imperatoris
757 1196 891 1259 T‘ebeou
908 1193 1081 1274 improbitas
1092 1209 1150 1258 non
1161 1199 1225 1258 erat
1239 1193 1279 1257 ita
1292 1194 1451 1259 imnreusa.

185 1309 369 1390 Quapropter
384 1309 503 1389 sapiens
518 1308 656 1388 princeps
671 1309 772 1372 horret
788 1308 941 1372 considere
957 1308 1017 1373 imo
1031 1307 1190 1382 conluvio,
1215 1322 1274 1387 quo
1292 1309 1383 1371 totius
1400 1310 1453 1373 im·

185 1424 257 1503 perii
273 1422 344 1486 vitia
360 1423 447 1486 simul
465 1422 619 1487 oonlluunt
635 1420 688 1506 (ἲ).

240 1536 294 1600 at.
318 1535 376 1600 Tse
397 1536 479 1619 long
498 1536 540 1599 ait
558 1555 565 1598 :
583 1535 724 1615 sapiernis
744 1534 885 1614 principis
905 1535 1048 1612 delectus,
1072 1535 1205 1597 similant
1225 1536 1297 1599 solis
1317 1535 1456 1615 lunaque

186 1649 309 1729 eclipses
326 1668 333 1712 :
352 1666 420 1715 eum
436 1650 587 1725 deliciunt,
604 1649 741 1713 homines
755 1649 1075 1728 omnesidaspioiunt;
1093 1649 1451 1727 eumsoemendaveriut,

186 1763 321 1827 homines
335 1778 440 1826 omnes
455 1762 619 1842 suspiciunt
635 1762 704 1826 illos
720 1759 776 1847 (3).

241 1876 292 1939 2‘2.
318 1877 385 1940 Wei
402 1878 543 1955 toparcha
558 1876 648 1958 Kong
658 1893 730 1939 suen
747 1876 848 1940 t‘obao
864 1875 1094 1955 ouaesivitaTse
1112 1876 1192 1957 long
1208 1877 1328 1941 dicens:
1345 1876 1452 1941 doulu·
1471 1918 1478 1932 ·

185 1989 248 2053 cius
261 1990 340 2054 uude
355 1989 477 2053 didieitt
497 1990 556 2052 Tse
571 1989 652 2072 long
666 1989 708 2051 ait
721 2010 727 2051 :
741 1990 818 2053 Wen
835 1996 865 2053 et
879 1989 924 2053 Ou
939 1991 1152 2069 imperatorum
1169 1989 1303 2053 instituta
1319 1989 1453 2053 nondum

185 2102 355 2167 deciderunt
375 2103 545 2179 interram,
566 2102 728 2183 persistunt
744 2101 774 2165 in
790 2103 960 2166 bominibus
977 2123 984 2165 :
1002 2104 1197 2182 sapientiores
1220 2110 1386 2166 memorant
1402 2118 1452 2167 eo·

186 2232 251 2279 rurn
266 2216 393 2295 potiora,
415 2216 514 2279 minus
535 2217 683 2296 sapientes
703 2216 898 2280 recordantur
912 2232 1015 2281 eorum
1031 2217 1152 2293 leviora,
1180 2223 1376 2295 utnusquam
1392 2231 1453 2280 uou

186 2329 291 2393 existat
306 2331 384 2393 Wen
400 2336 431 2393 et
444 2329 490 2394 Ou
504 2329 718 2409 imperatorum
732 2329 877 2394 doctrina.
901 2330 1043 2413 Magister
1057 2346 1143 2395 meus
1157 2330 1237 2397 unde
1254 2344 1313 2393 nou
1328 2329 1453 2395 didioitt

187 2448 216 2506 et
230 2448 292 2505 tum
308 2443 379 2522 quid
393 2444 467 2508 oerti
483 2442 619 2525 magistri
636 2448 732 2522 opus?

242 2556 292 2619 23.
317 2556 381 2620 Lou
396 2559 537 2637 toparcha
553 2556 636 2619 (ibou
651 2573 723 2619 suen
739 2572 778 2620 ou
788 2557 865 2620 obou
875 2558 1029 2636 alloquaris
1045 2555 1240 2638 magistratus
1252 2555 1282 2619 in
1294 2555 1375 2639 regia
1387 2556 1450 2619 ait:

188 2669 242 2733 'lse
263 2669 346 2751 long
366 2671 526 2749 sapientior
547 2685 637 2749 quam
656 2669 824 2734 doulueius.
855 2671 967 2733 llorum
990 2685 1076 2747 auus,
1106 2671 1164 2734 Tse
1187 2670 1236 2733 lou
1258 2669 1331 2751 king
1350 2668 1398 2748 pe,
1422 2669 1453 2734 id
1552 2673 1556 2683 '

189 2783 299 2847 monuit
319 2784 377 2846 'l'se
400 2783 488 2865 long.
520 2783 578 2847 Tse
594 2783 675 2864 koug
689 2783 731 2847 ait
748 2800 756 2846 ε
774 2784 813 2846 sit
827 2781 857 2846 in
873 2784 1042 2862 exemplum
1058 2783 1159 2862 palatii
1175 2785 1291 2847 murale
1306 2791 1423 2862 septum
1441 2802 1449 2846 ε

189 2895 223 2959 Se
240 2896 329 2974 bujus
346 2912 450 2959 murus
465 2897 585 2978 attingit
601 2897 759 2973 humeros;
777 2896 957 2975 explorando
972 2897 1073 2961 videre
1088 2902 1134 2960 est
1150 2897 1241 2961 totius
1255 2897 1362 2961 domus
1377 2912 1451 2974 prae·

188 3011 338 3073 stantiora.
371 3009 505 3091 Magistri
521 3026 625 3072 murus
637 3016 686 3073 est
700 3011 830 3089 plurium
846 3009 1013 3089 octipedem
1028 3009 1227 3089 perticarum3
1245 3010 1301 3072 nisi
1316 3009 1453 3073 invenias

188 3121 248 3200 eins
267 3129 383 3201 portam
399 3131 429 3186 et
447 3123 636 3205 ingrediaris,
661 3139 720 3186 non
734 3123 848 3187 videbis
867 3122 1063 3201 parentalium
1086 3124 1223 3186 aularum
1247 3123 1449 3201 splendorem,

188 3235 394 3314 mnorumqoe
412 3238 642 3319 magistratuum
663 3236 854 3315 opulentiam.
885 3236 978 3300 Porro
998 3235 1049 3314 qui
1071 3236 1224 3299 inveniant
1236 3236 1304 3314 ejus
1319 3241 1449 3314 portam,

190 3347 261 3412 torte
276 3349 360 3428 pauei
376 3356 447 3412 sunt
463 3369 471 3411 ε
489 3349 562 3412 illud
578 3350 688 3414 domiui
704 3350 815 3413 dietum
831 3364 929 3413 nonne
944 3349 1034 3412 etiam
1049 3350 1179 3413 maritat

243 3462 294 3525 ll.
318 3462 401 3526 (ibou
416 3478 488 3525 suen
505 3478 543 3528 ou
558 3464 635 3527 chon
650 3462 824 3526 detrahebat
839 3462 989 3526 bonnaria,
1012 3463 1070 3526 Tse
1087 3462 1167 3545 long
1179 3462 1222 3525 ait
1234 3482 1241 3525 :
1255 3462 1367 3525 nullius
1378 3478 1453 3525 usus
1539 3494 1546 3506 ·

189 3575 258 3651 erit;
274 3574 433 3641 Gonluoiuo
449 3591 507 3640 non
524 3582 621 3655 potest
636 3576 817 3641 detractione
831 3575 926 3639 minui
943 3595 951 3638 :
968 3577 1095 3641 aliorum
1116 3577 1271 3641 homiuum
1292 3575 1465 3661 sapientia,

224 3929 271 4007 (1)
291 3939 322 4001 Si
335 3958 432 3999 veram
445 3939 569 4000 murinis
581 3948 715 4000 nattum
729 3939 850 4011 noveris,
865 3937 924 3999 noli
940 3939 991 3999 tibi
1004 3940 1128 4017 gaudem
1140 3940 1217 4017 quod
1231 3940 1339 4000 crimen
1349 3937 1452 3999 callide

188 4051 331 4126 detexeris,
344 4053 394 4114 aed
408 4054 541 4114 miserare
553 4053 690 4132 populum
702 4053 842 4114 disoordio
854 4051 1030 4112 dissolutum.

224 4157 269 4237 (2)
288 4166 362 4227 cnm
389 4167 539 4246 probrosus
564 4167 692 4244 prinoeps
721 4168 819 4227 infami
838 4165 901 4224 loeo
925 4184 955 4224 se
981 4166 1139 4239 coustituit,
1164 4186 1264 4227 ornnes
1287 4165 1314 4226 ei
1337 4165 1454 4243 flagitia

188 4280 351 4355 attribuunt,
374 4289 404 4341 et
416 4279 550 4359 sieplara
562 4280 589 4338 ei
602 4280 782 4357 imputantur
800 4298 888 4358 quam
908 4296 1007 4339 rarera
1027 4279 1207 4341 commiserit.
1457 4268 1461 4275 ⁴

4 4406 8 4461 t
224 4385 266 4462 (3)
287 4394 394 4473 Agitur
405 4395 443 4453 de
456 4395 565 4466 erratis,
577 4392 677 4470 quilius
689 4394 832 4465 abstersis,
846 4392 958 4452 uirtutis
970 4390 1085 4453 claritas
1097 4392 1140 4452 nil
1154 4394 1263 4473 patinos
1277 4392 1452 4453 detaimeut'e

16 4528 31 4683 l

181 4616 247 4727 (E
276 4639 368 4713 Krete,
382 4637 519 4697 humerus
533 4656 541 4696 a
556 4643 668 4711 gestare
683 4657 690 4695 a
704 4636 803 4695 trimu-
838 4604 906 4715 (ff
934 4619 1033 4704 K‘oru,
1041 4632 1140 4692 furtim
1150 4652 1199 4711 per
1208 4633 1295 4693 rimas
1306 4630 1454 4709 respicere.

273 4756 320 4816 lus
333 4751 510 4834 quadrupes.
524 4753 560 4811 o.
578 4752 642 4808 130.
850 4722 917 4829 ἢ)
931 4747 1001 4822 Jurr,
1016 4748 1124 4827 oetipeo
1136 4766 1278 4807 mensure.
