3572 5650
337 474 376 528 56
833 485 930 526 noran
960 485 1108 525 raanvrss

337 610 412 668 flavo
430 583 486 672 ᾖ.
509 607 682 686 Regulomm
697 626 748 667 ara
761 609 791 666 in
807 613 843 668 25
857 609 942 686 pedes
955 616 1097 686 protensa,
1112 606 1234 666 colorem
1248 607 1372 666 habebat
1385 606 1449 679 loci,
1463 608 1502 666 ad
1517 626 1605 684 quern

337 723 508 801 pertinebat,
529 722 597 781 licet
619 721 712 800 plures
735 722 841 780 flavum
865 721 1072 800 usurpaverint.
1103 720 1290 798 Imperatoria
1314 720 1422 781 Telluri
1446 719 1605 779 immolatio

337 837 460 896 debebat
473 837 617 895 continere
630 836 740 906 bovem,
751 844 780 894 et
790 836 937 895 dicebatur
951 842 983 895 ta
995 834 1041 894 lao
1055 815 1119 904 (ᾗ
1129 810 1214 911 cssb
1230 833 1321 912 reguli
1335 854 1401 893 vero
1415 831 1606 892 immolabant

337 970 421 1008 ovem
448 928 509 1019 (tls
527 923 610 1017 Ἧι
631 948 698 1007 binc
717 946 767 1007 illa
787 948 989 1008 suovetaurilia
1004 939 1017 1017 (
1027 959 1067 976 ““
1084 927 1145 1019 φ)
1158 970 1176 1008 a
1189 947 1262 1007 libro
1288 945 1445 1006 Annalium
1469 965 1606 1024 expressa

338 1057 411 1131 (IV.
430 1053 506 1136 12),
519 1082 584 1123 cum
599 1062 716 1121 Tcheou
731 1064 801 1121 Dux
814 1062 992 1141 metropolim
1006 1063 1132 1123 condidit
1146 1057 1158 1132 (
1191 1051 1214 1131 )

379 1176 421 1235 Il.
443 1176 542 1238 Oboen
557 1174 721 1253 perhibetur
732 1176 899 1236 sacriticasse
914 1180 940 1235 1.
960 1195 1087 1254 supremo
1104 1174 1288 1236 Dominatori
1302 1148 1341 1229 .l2
1364 1156 1424 1253 ’ἢ
1445 1178 1472 1233 2.
1492 1193 1543 1233 sex
1559 1193 1606 1232 re·

338 1290 472 1350 nerandis
487 1267 528 1349 7²3
546 1266 603 1361 5⁸5³,
617 1307 667 1349 seu
687 1292 748 1363 soli,
768 1288 852 1362 lunae,
873 1288 1004 1368 planetis,
1025 1289 1124 1364 stellis,
1146 1290 1216 1348 anni
1236 1291 1419 1366 temporibus,
1433 1296 1464 1348 et
1479 1285 1606 1362 Telluri3

339 1407 367 1463 3.
387 1402 531 1462 montibus
545 1409 573 1461 et
588 1401 680 1461 fluviis
699 1380 733 1464 lll
751 1380 803 1466 lll.

382 1515 459 1587 Aeri,
473 1534 523 1575 seu
533 1524 657 1591 quatuor
670 1518 793 1595 partium
808 1517 868 1576 atri
884 1518 1049 1577 sacntieium
1062 1519 1166 1577 dicitur
1178 1517 1250 1593 fang
1267 1490 1334 1589 (dli,
1348 1524 1378 1576 et
1392 1515 1516 1575 victima
1529 1513 1608 1573 color

339 1629 396 1689 loci
409 1629 494 1688 colori
508 1629 706 1706 respondebat.

382 1743 515 1819 Quinque
528 1743 642 1819 spiritus
656 1752 806 1804 censentur
819 1763 917 1821 regere
935 1745 1061 1822 quinque
1080 1744 1230 1818 elementa,
1245 1754 1275 1804 et
1289 1744 1444 1804 successive
1457 1740 1607 1822 praesidere

340 1856 523 1933 regnantium
537 1856 693 1931 dynastiiss
714 1857 781 1917 hinc
794 1858 843 1917 illa
854 1859 1018 1934 peternesse
1031 1860 1065 1916 ab
1077 1861 1141 1933 ipae
1154 1866 1184 1917 ct
1199 1857 1256 1917 alia
1269 1857 1438 1935 hujusmodi.

295 1986 300 1993 ·
382 1969 441 2028 III.
465 1969 516 2027 Dii
528 1970 661 2047 praesides
674 1971 746 2029 varii
758 1980 857 2030 erant:
875 1971 905 2029 in
919 1969 991 2031 libro
1011 1970 1178 2031 Carminnm
1191 1972 1221 2031 fit
1235 1971 1343 2030 mentio
1357 1972 1392 2030 de
1407 1969 1547 2029 sacrificiis
1561 1988 1609 2045 ge·

341 2083 390 2141 nio
403 2083 519 2159 equario
536 2055 574 2139 id
591 2103 637 2140 seu
654 2061 693 2148 iffi
711 2063 754 2148 ᾗ
767 2092 796 2143 et
809 2084 864 2144 diis
879 2083 1000 2144 vialibus
1013 2061 1056 2142 ΞῈ
1071 2061 1113 2147 bd
1127 2086 1247 2162 peractis
1261 2108 1269 2144 ε
1283 2085 1325 2144 illi
1339 2083 1449 2162 operari
1461 2081 1608 2140 incastris

341 2196 443 2256 dicitur
455 2193 493 2254 lei
507 2169 572 2269 ff,
586 2197 617 2255 in
630 2197 856 2275 expeditionibus
869 2216 936 2257 vero
947 2217 996 2257 ma
1011 2173 1078 2274 lfa),
1092 2199 1125 2258 iis
1138 2197 1231 2258 facere
1244 2198 1348 2259 dicitur
1360 2205 1424 2257 teon
1439 2169 1510 2260 Ἦ.
1530 2195 1610 2254 Item

341 2317 538 2368 memorantur
550 2309 665 2387 spiritus
678 2310 802 2389 frugum,
817 2310 1002 2388 agricrlturae,
1016 2318 1046 2369 et
1060 2310 1117 2371 alii.

382 2422 437 2482 IV.
458 2418 505 2482 Ad
518 2423 717 2500 imperatorem
732 2425 878 2502 spectabat
889 2444 1000 2484 summa
1011 2423 1126 2499 oblatio,
1140 2443 1190 2485 seu
1200 2427 1353 2486 sacrificare
1365 2424 1445 2487 coelo
1459 2432 1489 2484 et
1500 2419 1610 2482 Telluri

342 2513 406 2603 (X
424 2511 560 2611 illhad
573 2537 685 2613 regulos
698 2536 804 2597 oblatio
817 2537 915 2597 localis
929 2515 993 2608 (df
1009 2517 1085 2610 il),
1101 2559 1150 2599 seu
1165 2541 1315 2599 sacrificare
1337 2538 1490 2609 montibus,
1505 2536 1609 2608 fluviis,

341 2647 515 2725 frugumque
529 2650 639 2724 parenti
653 2625 706 2720 (lll
724 2629 739 2713 l
742 2629 763 2713 ll
786 2628 826 2709 ᾗ
842 2628 898 2718 dd)
908 2674 916 2727 3
927 2652 963 2711 ad
976 2652 1128 2728 toparchas
1140 2653 1294 2713 sacrificare
1308 2650 1473 2722 Penatibus,
1486 2648 1610 2728 populus

343 2771 441 2820 auem
463 2762 576 2820 nonnas
590 2762 730 2838 sajorum
753 2764 885 2824 santus
898 2740 1128 2834 (demessae.
1160 2766 1320 2837 Quotannts
1335 2764 1491 2824 Penatibus
1504 2764 1611 2821 sanan

343 2860 470 2951 quinque
493 2872 598 2955 larario
621 2853 663 2934 fl
686 2855 727 2934 ll
748 2901 756 2937 r
777 2878 869 2956 primo
892 2898 957 2938 vere
977 2879 1185 2938 sacrificabatur
1205 2879 1320 2939 ostiario
1341 2859 1404 2952 (il
1421 2855 1498 2951 β),
1516 2877 1611 2954 prima

344 2995 444 3047 aestate
458 2986 565 3046 focaria
578 2978 590 3056 (
602 2967 643 3045 il
658 2965 699 3045 ll
708 2980 729 3062 ),
744 2998 866 3051 exeunte
877 3000 977 3051 aestate
997 2993 1117 3052 centrali
1130 2984 1143 3062 (
1154 2972 1195 3051 ᾗ
1213 2967 1252 3054 'l'
1267 2968 1339 3066 ᾗ),
1357 2991 1448 3071 primo
1470 3000 1611 3051 autumno

340 3091 479 3179 janitori(
490 3078 531 3157 dl·
542 3078 578 3165 lb
592 3094 718 3180 )‚prim0
726 3103 818 3163 hieme
827 3101 914 3172 viali(
926 3084 967 3164 ib
977 3085 1017 3167 i?
1024 3095 1046 3170 ).
1059 3105 1221 3181 Unicuique
1229 3107 1357 3184 proprius
1364 3104 1481 3164 locusin
1489 3104 1611 3166 Rituum

344 3212 516 3273 memorialis
536 3194 595 3285 (fl
618 3190 682 3285 θ)
701 3219 905 3277 commentario
928 3220 1111 3297 assignatur:
1127 3228 1157 3278 at
1176 3220 1296 3296 siugulis
1320 3219 1427 3280 vicibus
1445 3220 1612 3279 sacrificium

344 3326 540 3404 complebatur
559 3330 590 3388 in
610 3340 691 3406 parte
710 3331 810 3391 domus
831 3331 869 3389 ad
888 3331 1048 3391 libonotum
1069 3324 1330 3404 (Stemmata
1344 3304 1394 3405 Q,
1420 3334 1477 3406 ubi,
1497 3332 1613 3393 ferculis

344 3421 555 3518 transportatis,
569 3443 700 3507 Mardum
717 3445 957 3523 Repraesentatori
970 3447 1173 3520 occunebatur,
1186 3456 1217 3505 ut
1230 3450 1271 3507 sic
1279 3448 1413 3507 Manibus
1422 3445 1513 3505 bonor
1526 3465 1614 3525 praes·

345 3561 463 3611 teretur.
487 3556 530 3614 De
540 3555 585 3614 bis
599 3559 728 3617 omnibus
742 3557 856 3617 consule
870 3560 977 3635 quintae
991 3559 1097 3620 tabulae
1114 3561 1224 3638 figuras.

387 3666 422 3724 V.
443 3665 499 3727 Pro
514 3670 652 3746 parentali
666 3670 810 3744 sacrificio,
826 3673 859 3736 1?.
864 3672 1014 3749 gentilitia
1031 3675 1237 3734 astruebantur
1250 3676 1333 3748 ades,
1347 3674 1516 3754 quasplures
1529 3672 1613 3733 aulas

346 3781 541 3841 continebant.
571 3782 631 3842 Sub
646 3783 690 3843 On
704 3805 771 3861 rege
792 3783 865 3844 anlae
882 3794 964 3845 erant
986 3797 1092 3864 septem
1114 3768 1176 3858 (ij
1192 3768 1257 3856 fi)
1271 3813 1279 3866 ;
1294 3790 1331 3848 ad
1352 3798 1439 3868 caput
1460 3787 1527 3848 aula
1548 3795 1613 3846 erat

347 3895 558 3972 protoparentis
580 3895 664 3954 Hecu
685 3895 748 3968 tsi(
762 3875 801 3960 d<
815 3879 889 3972 ᾗ),
911 3900 949 3958 ad
968 3900 1115 3960 dexteram
1137 3876 1224 3971 (ᾖ)
1244 3912 1273 3962 et
1294 3904 1331 3962 ad
1351 3902 1504 3963 sinistram
1524 3882 1588 3972 (llil
1599 3892 1614 3970 )

347 4006 415 4065 binc
427 4006 494 4066 inde
506 4027 555 4067 sex
569 4010 771 4086 progenitores,
785 4013 826 4071 ita
839 4022 873 4071 ut
885 4012 956 4071 filius
971 4022 1000 4073 et
1009 4023 1091 4091 pater
1103 4016 1132 4072 in
1147 4017 1276 4091 opposita
1289 4036 1400 4094 semper
1412 4025 1506 4076 essent
1515 4015 1612 4089 linea3

347 4120 452 4179 dextra
472 4122 549 4180 enim
563 4129 592 4181 et
606 4123 721 4182 sinistra
740 4124 852 4184 nullum
871 4125 987 4187 honoris
1008 4128 1156 4187 ducamen
1177 4129 1374 4205 significabant
1389 4131 1527 4191 :stabant
1542 4148 1613 4205 ergo

348 4232 493 4293 hincinde
506 4244 627 4313 pateret
637 4256 715 4310 avus,
728 4257 851 4317 proetus
864 4248 893 4300 et
905 4239 1022 4312 abavus,
1037 4251 1137 4300 atavus
1150 4250 1181 4301 et
1193 4242 1323 4316 trisavus,
1338 4252 1368 4303 et
1383 4252 1559 4322 postremum
1573 4242 1614 4302 ad

386 4426 398 4490 t
409 4420 446 4495 1)
459 4431 630 4509 Asclepium
641 4436 746 4493 adnoto
760 4438 946 4495 :solennium
958 4438 1039 4514 apud
1057 4442 1196 4500 Rauracos
1215 4450 1296 4499 eram
1309 4444 1457 4519 sccm'ſscrb,
1470 4447 1501 4504 ia
1514 4447 1614 4522 quibas

347 4546 405 4606 ata
425 4547 636 4609 immolabantur
656 4550 800 4622 animlia,
821 4570 876 4623 stes,
890 4552 956 4624 ocis,
971 4560 1078 4625 maara,
1099 4554 1216 4630 indeque
1234 4557 1433 4615 messuisse
1446 4561 1613 4636 appellata:

347 4660 410 4718 iem
423 4661 517 4720 diade
530 4662 655 4741 metasse
669 4659 823 4735 (sacrifices
835 4664 871 4724 de
889 4657 1058 4727 taureaux).
