<?xml version="1.0" encoding="UTF-8"?>
<!DOCTYPE html PUBLIC "-//W3C//DTD XHTML 1.0 Transitional//EN"
    "http://www.w3.org/TR/xhtml1/DTD/xhtml1-transitional.dtd">
<html xmlns="http://www.w3.org/1999/xhtml" xml:lang="en" lang="en">
 <head>
  <title>
</title>
<meta http-equiv="Content-Type" content="text/html;charset=utf-8" />
  <meta name='ocr-system' content='tesseract 3.04.00' />
  <meta name='ocr-capabilities' content='ocr_page ocr_carea ocr_par ocr_line ocrx_word'/>
</head>
<body>
  <div class='ocr_page' id='page_1' title='image "./cursuslitteratu00zottgoog_0457.png"; bbox 0 0 3556 5664; ppageno 0'>
   <div class='ocr_carea' id='block_1_1' title="bbox 595 498 1468 562">
    <p class='ocr_par' dir='ltr' id='par_1_1' title="bbox 595 498 1468 562">
     <span class='ocr_line' id='line_1_1' title="bbox 595 498 1468 562; baseline 0.003 -4"><span class='ocrx_word' id='word_1_1' title='bbox 595 513 691 558; x_wconf 71' lang='lat' dir='ltr'><strong>osana</strong></span> <span class='ocrx_word' id='word_1_2' title='bbox 711 514 968 557; x_wconf 75' lang='lat' dir='ltr'><strong>samon-raras</strong></span> <span class='ocrx_word' id='word_1_3' title='bbox 988 515 1078 559; x_wconf 81' lang='lat' dir='ltr'><strong>rama</strong></span> <span class='ocrx_word' id='word_1_4' title='bbox 1408 498 1468 562; x_wconf 78' lang='grc'><strong>387</strong></span> 
     </span>
    </p>
   </div>
   <div class='ocr_carea' id='block_1_2' title="bbox 188 626 1529 2298">
    <p class='ocr_par' dir='ltr' id='par_1_2' title="bbox 188 626 1529 2298">
     <span class='ocr_line' id='line_1_2' title="bbox 188 626 1468 708; baseline 0.002 -18"><span class='ocrx_word' id='word_1_5' title='bbox 188 626 268 706; x_wconf 87' lang='lat' dir='ltr'><strong>potis</strong></span> <span class='ocrx_word' id='word_1_6' title='bbox 286 646 294 689; x_wconf 75' lang='grc' dir='ltr'>ε</span> <span class='ocrx_word' id='word_1_7' title='bbox 314 627 396 707; x_wconf 92' lang='lat' dir='ltr'><strong>quod</strong></span> <span class='ocrx_word' id='word_1_8' title='bbox 412 627 450 691; x_wconf 90' lang='lat' dir='ltr'><strong>ad</strong></span> <span class='ocrx_word' id='word_1_9' title='bbox 466 627 608 707; x_wconf 92' lang='lat' dir='ltr'><strong>populum</strong></span> <span class='ocrx_word' id='word_1_10' title='bbox 623 642 707 704; x_wconf 83' lang='lat' dir='ltr'><strong>vero,</strong></span> <span class='ocrx_word' id='word_1_11' title='bbox 730 627 755 690; x_wconf 90' lang='lat' dir='ltr'><strong>si</strong></span> <span class='ocrx_word' id='word_1_12' title='bbox 770 632 852 691; x_wconf 88' lang='lat' dir='ltr'><strong>earet</strong></span> <span class='ocrx_word' id='word_1_13' title='bbox 867 627 965 691; x_wconf 89' lang='lat' dir='ltr'><strong>stabili</strong></span> <span class='ocrx_word' id='word_1_14' title='bbox 980 628 1171 707; x_wconf 85' lang='lat' dir='ltr'><strong>patrimonio,</strong></span> <span class='ocrx_word' id='word_1_15' title='bbox 1193 628 1263 692; x_wconf 87' lang='lat' dir='ltr'><strong>hino</strong></span> <span class='ocrx_word' id='word_1_16' title='bbox 1277 627 1339 708; x_wconf 87' lang='lat' dir='ltr'><strong>jam</strong></span> <span class='ocrx_word' id='word_1_17' title='bbox 1354 629 1468 693; x_wconf 76' lang='lat' dir='ltr'>carebit</span> 
     </span>
     <span class='ocr_line' id='line_1_3' title="bbox 191 740 1465 820; baseline 0.002 -17"><span class='ocrx_word' id='word_1_18' title='bbox 191 740 292 804; x_wconf 86' lang='lat' dir='ltr'><strong>stabili</strong></span> <span class='ocrx_word' id='word_1_19' title='bbox 308 741 422 805; x_wconf 89' lang='lat' dir='ltr'><strong>animo.</strong></span> <span class='ocrx_word' id='word_1_20' title='bbox 443 742 473 805; x_wconf 91' lang='lat' dir='ltr'><strong>Si</strong></span> <span class='ocrx_word' id='word_1_21' title='bbox 484 749 566 806; x_wconf 85' lang='lat' dir='ltr'><strong>caret</strong></span> <span class='ocrx_word' id='word_1_22' title='bbox 579 740 675 804; x_wconf 85' lang='lat' dir='ltr'><strong>stabili</strong></span> <span class='ocrx_word' id='word_1_23' title='bbox 688 741 799 816; x_wconf 87' lang='lat' dir='ltr'><strong>animo,</strong></span> <span class='ocrx_word' id='word_1_24' title='bbox 818 741 982 816; x_wconf 80' lang='lat' dir='ltr'>licentiosa,</span> <span class='ocrx_word' id='word_1_25' title='bbox 1000 748 1150 820; x_wconf 88' lang='lat' dir='ltr'><strong>proterva,</strong></span> <span class='ocrx_word' id='word_1_26' title='bbox 1168 743 1290 818; x_wconf 86' lang='lat' dir='ltr'><strong>lasciva,</strong></span> <span class='ocrx_word' id='word_1_27' title='bbox 1308 743 1465 818; x_wconf 87' lang='lat' dir='ltr'><strong>dissoluta,</strong></span> 
     </span>
     <span class='ocr_line' id='line_1_4' title="bbox 193 853 1467 935; baseline 0.001 -17"><span class='ocrx_word' id='word_1_28' title='bbox 193 854 234 918; x_wconf 91' lang='lat' dir='ltr'><strong>nil</strong></span> <span class='ocrx_word' id='word_1_29' title='bbox 246 869 306 918; x_wconf 93' lang='lat' dir='ltr'><strong>non</strong></span> <span class='ocrx_word' id='word_1_30' title='bbox 319 855 455 919; x_wconf 81' lang='lat' dir='ltr'><strong>tentabit.</strong></span> <span class='ocrx_word' id='word_1_31' title='bbox 476 856 549 919; x_wconf 80' lang='lat' dir='ltr'><strong>llum</strong></span> <span class='ocrx_word' id='word_1_32' title='bbox 560 871 631 919; x_wconf 92' lang='lat' dir='ltr'><strong>vero</strong></span> <span class='ocrx_word' id='word_1_33' title='bbox 642 853 777 919; x_wconf 87' lang='lat' dir='ltr'><strong>inciderit</strong></span> <span class='ocrx_word' id='word_1_34' title='bbox 788 854 818 917; x_wconf 92' lang='lat' dir='ltr'><strong>in</strong></span> <span class='ocrx_word' id='word_1_35' title='bbox 829 855 947 931; x_wconf 85' lang='lat' dir='ltr'><strong>delleta,</strong></span> <span class='ocrx_word' id='word_1_36' title='bbox 966 862 1037 919; x_wconf 88' lang='lat' dir='ltr'><strong>tuno</strong></span> <span class='ocrx_word' id='word_1_37' title='bbox 1045 855 1107 934; x_wconf 86' lang='lat' dir='ltr'><strong>jam</strong></span> <span class='ocrx_word' id='word_1_38' title='bbox 1118 856 1307 935; x_wconf 89' lang='lat' dir='ltr'><strong>prosequeris</strong></span> <span class='ocrx_word' id='word_1_39' title='bbox 1316 864 1350 919; x_wconf 92' lang='lat' dir='ltr'><strong>ut</strong></span> <span class='ocrx_word' id='word_1_40' title='bbox 1360 855 1467 935; x_wconf 89' lang='lat' dir='ltr'><strong>punias</strong></span> 
     </span>
     <span class='ocr_line' id='line_1_5' title="bbox 194 967 1468 1051; baseline 0.002 -20"><span class='ocrx_word' id='word_1_41' title='bbox 194 968 291 1031; x_wconf 91' lang='lat' dir='ltr'><strong>illum.</strong></span> <span class='ocrx_word' id='word_1_42' title='bbox 315 968 380 1031; x_wconf 83' lang='lat' dir='ltr'><strong>Hoc</strong></span> <span class='ocrx_word' id='word_1_43' title='bbox 389 978 436 1032; x_wconf 90' lang='lat' dir='ltr'><strong>est</strong></span> <span class='ocrx_word' id='word_1_44' title='bbox 446 968 608 1048; x_wconf 90' lang='lat' dir='ltr'><strong>illaqueare</strong></span> <span class='ocrx_word' id='word_1_45' title='bbox 620 969 770 1047; x_wconf 91' lang='lat' dir='ltr'><strong>populum.</strong></span> <span class='ocrx_word' id='word_1_46' title='bbox 791 967 943 1040; x_wconf 80' lang='lat' dir='ltr'>Quomodo</span> <span class='ocrx_word' id='word_1_47' title='bbox 954 969 1011 1032; x_wconf 90' lang='lat' dir='ltr'><strong>erit</strong></span> <span class='ocrx_word' id='word_1_48' title='bbox 1021 976 1055 1031; x_wconf 92' lang='lat' dir='ltr'><strong>ut</strong></span> <span class='ocrx_word' id='word_1_49' title='bbox 1063 968 1211 1051; x_wconf 84' lang='lat' dir='ltr'><strong>benignus</strong></span> <span class='ocrx_word' id='word_1_50' title='bbox 1226 969 1272 1032; x_wconf 91' lang='lat' dir='ltr'><strong>vir</strong></span> <span class='ocrx_word' id='word_1_51' title='bbox 1286 969 1468 1033; x_wconf 76' lang='lat' dir='ltr'><strong>constitutus</strong></span> 
     </span>
     <span class='ocr_line' id='line_1_6' title="bbox 194 1080 1467 1164; baseline 0.002 -20"><span class='ocrx_word' id='word_1_52' title='bbox 194 1080 391 1164; x_wconf 80' lang='lat' dir='ltr'><strong>indignitate,</strong></span> <span class='ocrx_word' id='word_1_53' title='bbox 407 1082 525 1146; x_wconf 88' lang='lat' dir='ltr'><strong>irretire</strong></span> <span class='ocrx_word' id='word_1_54' title='bbox 535 1083 689 1162; x_wconf 91' lang='lat' dir='ltr'><strong>populum,</strong></span> <span class='ocrx_word' id='word_1_55' title='bbox 702 1082 731 1145; x_wconf 95' lang='lat' dir='ltr'><strong>id</strong></span> <span class='ocrx_word' id='word_1_56' title='bbox 741 1082 831 1145; x_wconf 90' lang='lat' dir='ltr'><strong>etiam</strong></span> <span class='ocrx_word' id='word_1_57' title='bbox 842 1087 931 1160; x_wconf 82' lang='lat' dir='ltr'><strong>queat</strong></span> <span class='ocrx_word' id='word_1_58' title='bbox 941 1087 1131 1161; x_wconf 81' lang='lat' dir='ltr'><strong>perpetraret</strong></span> <span class='ocrx_word' id='word_1_59' title='bbox 1147 1082 1272 1162; x_wconf 89' lang='lat' dir='ltr'><strong>Propter</strong></span> <span class='ocrx_word' id='word_1_60' title='bbox 1279 1084 1336 1147; x_wconf 88' lang='lat' dir='ltr'><strong>hoo</strong></span> <span class='ocrx_word' id='word_1_61' title='bbox 1348 1082 1467 1161; x_wconf 90' lang='lat' dir='ltr'><strong>sapiens</strong></span> 
     </span>
     <span class='ocr_line' id='line_1_7' title="bbox 195 1194 1468 1280; baseline 0.001 -22"><span class='ocrx_word' id='word_1_62' title='bbox 195 1195 331 1274; x_wconf 84' lang='lat' dir='ltr'><strong>princeps</strong></span> <span class='ocrx_word' id='word_1_63' title='bbox 356 1195 541 1259; x_wconf 85' lang='lat' dir='ltr'><strong>constituens</strong></span> <span class='ocrx_word' id='word_1_64' title='bbox 563 1195 663 1275; x_wconf 92' lang='lat' dir='ltr'><strong>populi</strong></span> <span class='ocrx_word' id='word_1_65' title='bbox 687 1194 910 1274; x_wconf 83' lang='lat' dir='ltr'><strong>patrimonium,</strong></span> <span class='ocrx_word' id='word_1_66' title='bbox 938 1196 1070 1274; x_wconf 82' lang='lat' dir='ltr'><strong>prolecto</strong></span> <span class='ocrx_word' id='word_1_67' title='bbox 1087 1195 1191 1259; x_wconf 84' lang='lat' dir='ltr'><strong>efficiet</strong></span> <span class='ocrx_word' id='word_1_68' title='bbox 1209 1203 1242 1258; x_wconf 91' lang='lat' dir='ltr'><strong>ut</strong></span> <span class='ocrx_word' id='word_1_69' title='bbox 1256 1211 1375 1259; x_wconf 91' lang='lat' dir='ltr'><strong>sursum</strong></span> <span class='ocrx_word' id='word_1_70' title='bbox 1393 1197 1468 1280; x_wconf 86' lang='lat' dir='ltr'><strong>saris</strong></span> 
     </span>
     <span class='ocr_line' id='line_1_8' title="bbox 195 1308 1467 1389; baseline 0.002 -19"><span class='ocrx_word' id='word_1_71' title='bbox 195 1309 232 1373; x_wconf 87' lang='lat' dir='ltr'><strong>ad</strong></span> <span class='ocrx_word' id='word_1_72' title='bbox 253 1308 444 1373; x_wconf 89' lang='lat' dir='ltr'><strong>serviendum</strong></span> <span class='ocrx_word' id='word_1_73' title='bbox 467 1310 544 1389; x_wconf 89' lang='lat' dir='ltr'><strong>patri</strong></span> <span class='ocrx_word' id='word_1_74' title='bbox 564 1316 594 1372; x_wconf 89' lang='lat' dir='ltr'><strong>et</strong></span> <span class='ocrx_word' id='word_1_75' title='bbox 617 1309 715 1385; x_wconf 82' lang='lat' dir='ltr'><strong>matri,</strong></span> <span class='ocrx_word' id='word_1_76' title='bbox 742 1308 882 1372; x_wconf 93' lang='lat' dir='ltr'><strong>deorsum</strong></span> <span class='ocrx_word' id='word_1_77' title='bbox 901 1308 1027 1373; x_wconf 89' lang='lat' dir='ltr'><strong>sudleiat</strong></span> <span class='ocrx_word' id='word_1_78' title='bbox 1041 1311 1078 1373; x_wconf 88' lang='lat' dir='ltr'><strong>ad</strong></span> <span class='ocrx_word' id='word_1_79' title='bbox 1099 1309 1291 1373; x_wconf 90' lang='lat' dir='ltr'><strong>nutriendum</strong></span> <span class='ocrx_word' id='word_1_80' title='bbox 1312 1324 1420 1373; x_wconf 91' lang='lat' dir='ltr'><strong>uxores</strong></span> <span class='ocrx_word' id='word_1_81' title='bbox 1435 1316 1467 1373; x_wconf 93' lang='lat' dir='ltr'><strong>et</strong></span> 
     </span>
     <span class='ocr_line' id='line_1_9' title="bbox 195 1421 1467 1499; baseline -0.001 -13"><span class='ocrx_word' id='word_1_82' title='bbox 195 1421 321 1497; x_wconf 63' lang='lat' dir='ltr'><strong>liberum</strong></span> <span class='ocrx_word' id='word_1_83' title='bbox 346 1423 372 1486; x_wconf 86' lang='lat' dir='ltr'><strong>si</strong></span> <span class='ocrx_word' id='word_1_84' title='bbox 389 1422 479 1486; x_wconf 87' lang='lat' dir='ltr'><strong>lausti</strong></span> <span class='ocrx_word' id='word_1_85' title='bbox 500 1421 583 1498; x_wconf 88' lang='lat' dir='ltr'><strong>anni,</strong></span> <span class='ocrx_word' id='word_1_86' title='bbox 612 1426 673 1484; x_wconf 90' lang='lat' dir='ltr'><strong>tota</strong></span> <span class='ocrx_word' id='word_1_87' title='bbox 698 1422 758 1484; x_wconf 84' lang='lat' dir='ltr'><strong>vita</strong></span> <span class='ocrx_word' id='word_1_88' title='bbox 776 1426 943 1497; x_wconf 65' lang='lat' dir='ltr'><strong>saturatum</strong></span> <span class='ocrx_word' id='word_1_89' title='bbox 971 1422 995 1484; x_wconf 94' lang='lat' dir='ltr'><strong>si</strong></span> <span class='ocrx_word' id='word_1_90' title='bbox 1011 1421 1158 1486; x_wconf 79' lang='lat' dir='ltr'><strong>infaustus</strong></span> <span class='ocrx_word' id='word_1_91' title='bbox 1179 1438 1284 1499; x_wconf 79' lang='lat' dir='ltr'><strong>annua,</strong></span> <span class='ocrx_word' id='word_1_92' title='bbox 1318 1422 1467 1486; x_wconf 81' lang='lat' dir='ltr'><strong>eximatur</strong></span> 
     </span>
     <span class='ocr_line' id='line_1_10' title="bbox 195 1532 1467 1619; baseline 0 -21"><span class='ocrx_word' id='word_1_93' title='bbox 195 1535 232 1599; x_wconf 84' lang='lat' dir='ltr'><strong>ab</strong></span> <span class='ocrx_word' id='word_1_94' title='bbox 242 1535 365 1598; x_wconf 86' lang='lat' dir='ltr'><strong>interitu</strong></span> <span class='ocrx_word' id='word_1_95' title='bbox 378 1532 420 1619; x_wconf 81' lang='lat' dir='ltr'><strong>(ll</strong></span> <span class='ocrx_word' id='word_1_96' title='bbox 435 1556 443 1598; x_wconf 90' lang='lat'>:</span> <span class='ocrx_word' id='word_1_97' title='bbox 458 1542 521 1599; x_wconf 93' lang='lat' dir='ltr'><strong>tum</strong></span> <span class='ocrx_word' id='word_1_98' title='bbox 532 1544 634 1614; x_wconf 88' lang='lat' dir='ltr'><strong>postea</strong></span> <span class='ocrx_word' id='word_1_99' title='bbox 649 1534 852 1598; x_wconf 87' lang='lat' dir='ltr'><strong>exstimulabit</strong></span> <span class='ocrx_word' id='word_1_100' title='bbox 862 1534 898 1597; x_wconf 90' lang='lat' dir='ltr'><strong>ad</strong></span> <span class='ocrx_word' id='word_1_101' title='bbox 909 1536 1075 1599; x_wconf 88' lang='lat' dir='ltr'><strong>adeundam</strong></span> <span class='ocrx_word' id='word_1_102' title='bbox 1086 1535 1237 1600; x_wconf 84' lang='lat' dir='ltr'><strong>virtutem.</strong></span> <span class='ocrx_word' id='word_1_103' title='bbox 1257 1537 1326 1601; x_wconf 93' lang='lat' dir='ltr'><strong>ldeo</strong></span> <span class='ocrx_word' id='word_1_104' title='bbox 1338 1538 1467 1616; x_wconf 93' lang='lat' dir='ltr'><strong>populus</strong></span> 
     </span>
     <span class='ocr_line' id='line_1_11' title="bbox 195 1644 1467 1731; baseline 0.002 -21"><span class='ocrx_word' id='word_1_105' title='bbox 195 1655 337 1728; x_wconf 87' lang='lat' dir='ltr'><strong>sequetur</strong></span> <span class='ocrx_word' id='word_1_106' title='bbox 353 1648 437 1713; x_wconf 91' lang='lat' dir='ltr'><strong>illam</strong></span> <span class='ocrx_word' id='word_1_107' title='bbox 457 1649 543 1714; x_wconf 84' lang='lat' dir='ltr'><strong>tuelle</strong></span> <span class='ocrx_word' id='word_1_108' title='bbox 560 1647 616 1731; x_wconf 72' lang='lat' dir='ltr'><strong>(il.</strong></span> <span class='ocrx_word' id='word_1_109' title='bbox 642 1648 728 1712; x_wconf 88' lang='lat' dir='ltr'><strong>Nuno</strong></span> <span class='ocrx_word' id='word_1_110' title='bbox 743 1662 814 1712; x_wconf 90' lang='lat' dir='ltr'><strong>vero</strong></span> <span class='ocrx_word' id='word_1_111' title='bbox 832 1644 888 1731; x_wconf 85' lang='grc'>(3),</span> <span class='ocrx_word' id='word_1_112' title='bbox 911 1649 1065 1713; x_wconf 86' lang='lat' dir='ltr'><strong>constituti</strong></span> <span class='ocrx_word' id='word_1_113' title='bbox 1086 1648 1180 1730; x_wconf 88' lang='lat' dir='ltr'><strong>plebis</strong></span> <span class='ocrx_word' id='word_1_114' title='bbox 1199 1656 1372 1728; x_wconf 84' lang='lat' dir='ltr'><strong>proventus,</strong></span> <span class='ocrx_word' id='word_1_115' title='bbox 1395 1649 1467 1713; x_wconf 86' lang='lat' dir='ltr'><strong>hine</strong></span> 
     </span>
     <span class='ocr_line' id='line_1_12' title="bbox 195 1761 1464 1851; baseline 0.001 -27"><span class='ocrx_word' id='word_1_116' title='bbox 195 1777 254 1826; x_wconf 91' lang='lat' dir='ltr'><strong>nou</strong></span> <span class='ocrx_word' id='word_1_117' title='bbox 276 1763 425 1826; x_wconf 81' lang='lat' dir='ltr'><strong>sufficiunt</strong></span> <span class='ocrx_word' id='word_1_118' title='bbox 440 1762 477 1826; x_wconf 90' lang='lat' dir='ltr'><strong>ad</strong></span> <span class='ocrx_word' id='word_1_119' title='bbox 493 1761 722 1825; x_wconf 90' lang='lat' dir='ltr'><strong>ministrandum</strong></span> <span class='ocrx_word' id='word_1_120' title='bbox 742 1762 820 1841; x_wconf 89' lang='lat' dir='ltr'><strong>patri</strong></span> <span class='ocrx_word' id='word_1_121' title='bbox 835 1769 866 1826; x_wconf 92' lang='lat' dir='ltr'><strong>et</strong></span> <span class='ocrx_word' id='word_1_122' title='bbox 881 1763 982 1837; x_wconf 90' lang='lat' dir='ltr'><strong>matri,</strong></span> <span class='ocrx_word' id='word_1_123' title='bbox 1004 1762 1073 1851; x_wconf 89' lang='lat' dir='ltr'><strong>inde</strong></span> <span class='ocrx_word' id='word_1_124' title='bbox 1087 1779 1147 1827; x_wconf 91' lang='lat' dir='ltr'><strong>non</strong></span> <span class='ocrx_word' id='word_1_125' title='bbox 1169 1761 1317 1826; x_wconf 87' lang='lat' dir='ltr'><strong>sudleiunt</strong></span> <span class='ocrx_word' id='word_1_126' title='bbox 1331 1764 1368 1826; x_wconf 90' lang='lat' dir='ltr'><strong>ad</strong></span> <span class='ocrx_word' id='word_1_127' title='bbox 1383 1764 1464 1827; x_wconf 88' lang='lat' dir='ltr'><strong>alen·</strong></span> 
     </span>
     <span class='ocr_line' id='line_1_13' title="bbox 195 1873 1529 1963; baseline 0.001 -25"><span class='ocrx_word' id='word_1_128' title='bbox 195 1875 267 1938; x_wconf 91' lang='lat' dir='ltr'><strong>dum</strong></span> <span class='ocrx_word' id='word_1_129' title='bbox 287 1891 412 1939; x_wconf 87' lang='lat' dir='ltr'><strong>uxorem</strong></span> <span class='ocrx_word' id='word_1_130' title='bbox 427 1884 457 1940; x_wconf 93' lang='lat' dir='ltr'><strong>et</strong></span> <span class='ocrx_word' id='word_1_131' title='bbox 472 1875 598 1950; x_wconf 88' lang='lat' dir='ltr'><strong>liberos;</strong></span> <span class='ocrx_word' id='word_1_132' title='bbox 615 1874 641 1937; x_wconf 92' lang='lat' dir='ltr'><strong>si</strong></span> <span class='ocrx_word' id='word_1_133' title='bbox 657 1873 745 1939; x_wconf 90' lang='lat' dir='ltr'><strong>lausti</strong></span> <span class='ocrx_word' id='word_1_134' title='bbox 767 1875 846 1953; x_wconf 88' lang='lat' dir='ltr'><strong>anni,</strong></span> <span class='ocrx_word' id='word_1_135' title='bbox 868 1882 930 1939; x_wconf 87' lang='lat' dir='ltr'><strong>tota</strong></span> <span class='ocrx_word' id='word_1_136' title='bbox 946 1876 1006 1940; x_wconf 86' lang='lat' dir='ltr'><strong>vita</strong></span> <span class='ocrx_word' id='word_1_137' title='bbox 1022 1877 1162 1953; x_wconf 79' lang='lat' dir='ltr'><strong>tabescit3</strong></span> <span class='ocrx_word' id='word_1_138' title='bbox 1180 1876 1204 1938; x_wconf 93' lang='lat' dir='ltr'><strong>si</strong></span> <span class='ocrx_word' id='word_1_139' title='bbox 1221 1877 1332 1939; x_wconf 91' lang='lat' dir='ltr'><strong>sterilis</strong></span> <span class='ocrx_word' id='word_1_140' title='bbox 1353 1893 1463 1953; x_wconf 89' lang='lat' dir='ltr'><strong>annus,</strong></span> <span class='ocrx_word' id='word_1_141' title='bbox 1520 1950 1529 1963; x_wconf 32' lang='grc' dir='ltr'>ι</span> 
     </span>
     <span class='ocr_line' id='line_1_14' title="bbox 196 1988 1466 2067; baseline 0.002 -17"><span class='ocrx_word' id='word_1_142' title='bbox 196 2003 255 2052; x_wconf 93' lang='lat' dir='ltr'><strong>non</strong></span> <span class='ocrx_word' id='word_1_143' title='bbox 270 1989 411 2052; x_wconf 80' lang='lat' dir='ltr'><strong>eximitur</strong></span> <span class='ocrx_word' id='word_1_144' title='bbox 425 2004 443 2052; x_wconf 90' lang='lat' dir='ltr'><strong>a</strong></span> <span class='ocrx_word' id='word_1_145' title='bbox 459 1990 565 2052; x_wconf 90' lang='lat' dir='ltr'><strong>mortis</strong></span> <span class='ocrx_word' id='word_1_146' title='bbox 579 2005 661 2053; x_wconf 86' lang='lat' dir='ltr'><strong>oasu.</strong></span> <span class='ocrx_word' id='word_1_147' title='bbox 692 1988 746 2067; x_wconf 85' lang='lat' dir='ltr'><strong>lta,</strong></span> <span class='ocrx_word' id='word_1_148' title='bbox 768 1994 883 2052; x_wconf 85' lang='lat' dir='ltr'><strong>tautum</strong></span> <span class='ocrx_word' id='word_1_149' title='bbox 900 1996 933 2052; x_wconf 90' lang='lat' dir='ltr'><strong>ut</strong></span> <span class='ocrx_word' id='word_1_150' title='bbox 947 1989 1075 2055; x_wconf 82' lang='lat' dir='ltr'><strong>declinet</strong></span> <span class='ocrx_word' id='word_1_151' title='bbox 1100 1997 1239 2065; x_wconf 87' lang='lat' dir='ltr'><strong>mortem,</strong></span> <span class='ocrx_word' id='word_1_152' title='bbox 1266 1990 1364 2054; x_wconf 85' lang='lat' dir='ltr'><strong>adhue</strong></span> <span class='ocrx_word' id='word_1_153' title='bbox 1380 1989 1466 2053; x_wconf 89' lang='lat' dir='ltr'><strong>timet</strong></span> 
     </span>
     <span class='ocr_line' id='line_1_15' title="bbox 196 2102 1465 2183; baseline 0.002 -19"><span class='ocrx_word' id='word_1_154' title='bbox 196 2118 233 2166; x_wconf 92' lang='lat' dir='ltr'><strong>ne</strong></span> <span class='ocrx_word' id='word_1_155' title='bbox 247 2102 320 2165; x_wconf 88' lang='lat' dir='ltr'><strong>satis</strong></span> <span class='ocrx_word' id='word_1_156' title='bbox 336 2103 459 2178; x_wconf 62' lang='lat' dir='ltr'><strong>habeam</strong></span> <span class='ocrx_word' id='word_1_157' title='bbox 477 2103 626 2181; x_wconf 89' lang='lat' dir='ltr'><strong>quomodo</strong></span> <span class='ocrx_word' id='word_1_158' title='bbox 641 2102 734 2165; x_wconf 92' lang='lat' dir='ltr'><strong>otium</strong></span> <span class='ocrx_word' id='word_1_159' title='bbox 751 2102 871 2166; x_wconf 88' lang='lat' dir='ltr'><strong>habebit</strong></span> <span class='ocrx_word' id='word_1_160' title='bbox 889 2103 1042 2167; x_wconf 84' lang='lat' dir='ltr'><strong>excolendi</strong></span> <span class='ocrx_word' id='word_1_161' title='bbox 1064 2102 1237 2168; x_wconf 87' lang='lat' dir='ltr'><strong>civilitatem</strong></span> <span class='ocrx_word' id='word_1_162' title='bbox 1253 2110 1284 2167; x_wconf 89' lang='lat' dir='ltr'><strong>et</strong></span> <span class='ocrx_word' id='word_1_163' title='bbox 1296 2103 1465 2183; x_wconf 82' lang='lat' dir='ltr'><strong>justiliama</strong></span> 
     </span>
     <span class='ocr_line' id='line_1_16' title="bbox 196 2215 1465 2298; baseline 0.002 -21"><span class='ocrx_word' id='word_1_164' title='bbox 196 2216 271 2291; x_wconf 83' lang='lat' dir='ltr'><strong>Rex,</strong></span> <span class='ocrx_word' id='word_1_165' title='bbox 289 2217 314 2278; x_wconf 93' lang='lat' dir='ltr'><strong>si</strong></span> <span class='ocrx_word' id='word_1_166' title='bbox 329 2216 413 2295; x_wconf 92' lang='lat' dir='ltr'><strong>eupis</strong></span> <span class='ocrx_word' id='word_1_167' title='bbox 435 2231 526 2298; x_wconf 77' lang='lat' dir='ltr'><strong>agore</strong></span> <span class='ocrx_word' id='word_1_168' title='bbox 547 2215 633 2291; x_wconf 92' lang='lat' dir='ltr'><strong>illud,</strong></span> <span class='ocrx_word' id='word_1_169' title='bbox 653 2222 722 2280; x_wconf 87' lang='lat' dir='ltr'><strong>tune</strong></span> <span class='ocrx_word' id='word_1_170' title='bbox 737 2215 838 2294; x_wconf 90' lang='lat' dir='ltr'><strong>quidni</strong></span> <span class='ocrx_word' id='word_1_171' title='bbox 861 2215 1001 2280; x_wconf 86' lang='lat' dir='ltr'><strong>devenias</strong></span> <span class='ocrx_word' id='word_1_172' title='bbox 1013 2218 1053 2280; x_wconf 91' lang='lat' dir='ltr'><strong>ad</strong></span> <span class='ocrx_word' id='word_1_173' title='bbox 1069 2218 1111 2281; x_wconf 92' lang='lat' dir='ltr'><strong>rei</strong></span> <span class='ocrx_word' id='word_1_174' title='bbox 1127 2216 1301 2280; x_wconf 85' lang='lat' dir='ltr'><strong>oontinensl</strong></span> <span class='ocrx_word' id='word_1_175' title='bbox 1328 2216 1465 2297; x_wconf 79' lang='lat' dir='ltr'><strong>Quinque</strong></span> 
     </span>
    </p>
   </div>
   <div class='ocr_carea' id='block_1_3' title="bbox 192 2309 1582 2413">
    <p class='ocr_par' dir='ltr' id='par_1_3' title="bbox 192 2309 1582 2413">
     <span class='ocr_line' id='line_1_17' title="bbox 192 2309 1582 2413; baseline 0.004 -22"><span class='ocrx_word' id='word_1_176' title='bbox 192 2327 333 2411; x_wconf 75' lang='lat' dir='ltr'><strong>iugerum</strong></span> <span class='ocrx_word' id='word_1_177' title='bbox 350 2329 493 2393; x_wconf 85' lang='lat' dir='ltr'><strong>habitatio</strong></span> <span class='ocrx_word' id='word_1_178' title='bbox 507 2336 682 2394; x_wconf 86' lang='lat' dir='ltr'><strong>conseratur</strong></span> <span class='ocrx_word' id='word_1_179' title='bbox 697 2346 732 2393; x_wconf 87' lang='lat' dir='ltr'><strong>ex</strong></span> <span class='ocrx_word' id='word_1_180' title='bbox 749 2329 851 2405; x_wconf 84' lang='lat' dir='ltr'><strong>moris,</strong></span> <span class='ocrx_word' id='word_1_181' title='bbox 871 2336 901 2393; x_wconf 91' lang='lat' dir='ltr'><strong>et</strong></span> <span class='ocrx_word' id='word_1_182' title='bbox 916 2309 1163 2413; x_wconf 80' lang='lat' dir='ltr'><strong>quinquagenarii</strong></span> <span class='ocrx_word' id='word_1_183' title='bbox 1186 2337 1327 2409; x_wconf 90' lang='lat' dir='ltr'><strong>poterunt</strong></span> <span class='ocrx_word' id='word_1_184' title='bbox 1340 2331 1465 2396; x_wconf 89' lang='lat' dir='ltr'><strong>induere</strong></span> <span class='ocrx_word' id='word_1_185' title='bbox 1578 2338 1582 2345; x_wconf 86' lang='lat'>&#39;</span> 
     </span>
    </p>
   </div>
   <div class='ocr_carea' id='block_1_4' title="bbox 191 2442 1465 3205">
    <p class='ocr_par' dir='ltr' id='par_1_4' title="bbox 191 2442 1465 3205">
     <span class='ocr_line' id='line_1_18' title="bbox 195 2442 1465 2524; baseline 0.001 -18"><span class='ocrx_word' id='word_1_186' title='bbox 195 2442 306 2517; x_wconf 80' lang='lat' dir='ltr'><strong>seriou3</strong></span> <span class='ocrx_word' id='word_1_187' title='bbox 329 2443 522 2524; x_wconf 77' lang='lat' dir='ltr'><strong>gallinarum,</strong></span> <span class='ocrx_word' id='word_1_188' title='bbox 541 2442 752 2522; x_wconf 78' lang='lat' dir='ltr'><strong>poro-allorum,</strong></span> <span class='ocrx_word' id='word_1_189' title='bbox 770 2442 950 2518; x_wconf 79' lang='lat' dir='ltr'><strong>eatulomm</strong></span> <span class='ocrx_word' id='word_1_190' title='bbox 971 2458 1129 2522; x_wconf 81' lang='lat' dir='ltr'><strong>porcarum</strong></span> <span class='ocrx_word' id='word_1_191' title='bbox 1145 2444 1268 2507; x_wconf 89' lang='lat' dir='ltr'><strong>nutritio</strong></span> <span class='ocrx_word' id='word_1_192' title='bbox 1284 2460 1343 2508; x_wconf 93' lang='lat' dir='ltr'><strong>non</strong></span> <span class='ocrx_word' id='word_1_193' title='bbox 1359 2445 1465 2523; x_wconf 90' lang='lat' dir='ltr'><strong>perdat</strong></span> 
     </span>
     <span class='ocr_line' id='line_1_19' title="bbox 196 2555 1464 2639; baseline 0.004 -22"><span class='ocrx_word' id='word_1_194' title='bbox 196 2570 249 2617; x_wconf 89' lang='lat' dir='ltr'><strong>sua</strong></span> <span class='ocrx_word' id='word_1_195' title='bbox 262 2556 459 2634; x_wconf 77' lang='lat' dir='ltr'><strong>temporati),</strong></span> <span class='ocrx_word' id='word_1_196' title='bbox 472 2563 501 2621; x_wconf 93' lang='lat' dir='ltr'><strong>et</strong></span> <span class='ocrx_word' id='word_1_197' title='bbox 513 2555 734 2638; x_wconf 83' lang='lat' dir='ltr'><strong>septuagenarii</strong></span> <span class='ocrx_word' id='word_1_198' title='bbox 746 2562 884 2634; x_wconf 89' lang='lat' dir='ltr'><strong>poterunt</strong></span> <span class='ocrx_word' id='word_1_199' title='bbox 894 2556 1048 2620; x_wconf 85' lang='lat' dir='ltr'><strong>comedere</strong></span> <span class='ocrx_word' id='word_1_200' title='bbox 1059 2571 1181 2621; x_wconf 86' lang='lat' dir='ltr'><strong>earnes:</strong></span> <span class='ocrx_word' id='word_1_201' title='bbox 1192 2563 1312 2620; x_wconf 87' lang='lat' dir='ltr'><strong>eentum</strong></span> <span class='ocrx_word' id='word_1_202' title='bbox 1321 2557 1464 2639; x_wconf 84' lang='lat' dir='ltr'><strong>jugerum</strong></span> 
     </span>
     <span class='ocr_line' id='line_1_20' title="bbox 194 2669 1465 2750; baseline 0.002 -19"><span class='ocrx_word' id='word_1_203' title='bbox 194 2670 277 2750; x_wconf 74' lang='lat' dir='ltr'><strong>agris</strong></span> <span class='ocrx_word' id='word_1_204' title='bbox 293 2685 351 2733; x_wconf 93' lang='lat' dir='ltr'><strong>non</strong></span> <span class='ocrx_word' id='word_1_205' title='bbox 367 2670 546 2749; x_wconf 81' lang='lat' dir='ltr'><strong>surripiatur</strong></span> <span class='ocrx_word' id='word_1_206' title='bbox 561 2676 761 2749; x_wconf 90' lang='lat' dir='ltr'><strong>opportunum</strong></span> <span class='ocrx_word' id='word_1_207' title='bbox 778 2678 903 2747; x_wconf 90' lang='lat' dir='ltr'><strong>tempus,</strong></span> <span class='ocrx_word' id='word_1_208' title='bbox 924 2677 954 2732; x_wconf 91' lang='lat' dir='ltr'><strong>et</strong></span> <span class='ocrx_word' id='word_1_209' title='bbox 964 2676 1031 2733; x_wconf 88' lang='lat' dir='ltr'><strong>oeto</strong></span> <span class='ocrx_word' id='word_1_210' title='bbox 1041 2670 1171 2749; x_wconf 85' lang='lat' dir='ltr'><strong>capitum</strong></span> <span class='ocrx_word' id='word_1_211' title='bbox 1189 2669 1307 2733; x_wconf 83' lang='lat' dir='ltr'><strong>lamiliae</strong></span> <span class='ocrx_word' id='word_1_212' title='bbox 1322 2678 1465 2749; x_wconf 89' lang='lat' dir='ltr'><strong>poterunt</strong></span> 
     </span>
     <span class='ocr_line' id='line_1_21' title="bbox 195 2782 1464 2865; baseline 0.004 -21"><span class='ocrx_word' id='word_1_213' title='bbox 195 2797 255 2846; x_wconf 93' lang='lat' dir='ltr'><strong>non</strong></span> <span class='ocrx_word' id='word_1_214' title='bbox 277 2782 408 2857; x_wconf 88' lang='lat' dir='ltr'><strong>esurire;</strong></span> <span class='ocrx_word' id='word_1_215' title='bbox 432 2783 606 2865; x_wconf 78' lang='lat' dir='ltr'><strong>invigiletur</strong></span> <span class='ocrx_word' id='word_1_216' title='bbox 632 2782 827 2864; x_wconf 77' lang='lat' dir='ltr'><strong>collegiorum</strong></span> <span class='ocrx_word' id='word_1_217' title='bbox 855 2783 1138 2865; x_wconf 82' lang='lat' dir='ltr'><strong>gymnasiommque</strong></span> <span class='ocrx_word' id='word_1_218' title='bbox 1160 2783 1338 2860; x_wconf 84' lang='lat' dir='ltr'><strong>educationi,</strong></span> <span class='ocrx_word' id='word_1_219' title='bbox 1369 2798 1464 2864; x_wconf 89' lang='lat' dir='ltr'><strong>eaque</strong></span> 
     </span>
     <span class='ocr_line' id='line_1_22' title="bbox 192 2894 1464 2975; baseline 0.004 -18"><span class='ocrx_word' id='word_1_220' title='bbox 192 2894 387 2959; x_wconf 87' lang='lat' dir='ltr'><strong>ineuloetura</strong></span> <span class='ocrx_word' id='word_1_221' title='bbox 402 2897 521 2975; x_wconf 87' lang='lat' dir='ltr'><strong>pietatis</strong></span> <span class='ocrx_word' id='word_1_222' title='bbox 535 2903 566 2960; x_wconf 90' lang='lat' dir='ltr'><strong>et</strong></span> <span class='ocrx_word' id='word_1_223' title='bbox 581 2896 753 2960; x_wconf 77' lang='lat' dir='ltr'><strong>reverentiae</strong></span> <span class='ocrx_word' id='word_1_224' title='bbox 768 2895 881 2972; x_wconf 79' lang='lat' dir='ltr'><strong>officiis,</strong></span> <span class='ocrx_word' id='word_1_225' title='bbox 899 2901 930 2959; x_wconf 92' lang='lat' dir='ltr'><strong>et</strong></span> <span class='ocrx_word' id='word_1_226' title='bbox 945 2897 1086 2960; x_wconf 91' lang='lat' dir='ltr'><strong>semieani</strong></span> <span class='ocrx_word' id='word_1_227' title='bbox 1101 2896 1143 2959; x_wconf 91' lang='lat' dir='ltr'><strong>nil</strong></span> <span class='ocrx_word' id='word_1_228' title='bbox 1160 2896 1256 2961; x_wconf 89' lang='lat' dir='ltr'><strong>lereat</strong></span> <span class='ocrx_word' id='word_1_229' title='bbox 1271 2898 1404 2960; x_wconf 78' lang='lat' dir='ltr'><strong>iunioris</strong></span> <span class='ocrx_word' id='word_1_230' title='bbox 1415 2899 1464 2962; x_wconf 89' lang='lat' dir='ltr'><strong>vel</strong></span> 
     </span>
     <span class='ocr_line' id='line_1_23' title="bbox 192 3004 1463 3091; baseline 0.002 -20"><span class='ocrx_word' id='word_1_231' title='bbox 192 3008 290 3088; x_wconf 85' lang='lat' dir='ltr'><strong>capite</strong></span> <span class='ocrx_word' id='word_1_232' title='bbox 304 3009 335 3070; x_wconf 95' lang='lat' dir='ltr'><strong>in</strong></span> <span class='ocrx_word' id='word_1_233' title='bbox 351 3009 416 3071; x_wconf 89' lang='lat' dir='ltr'><strong>viis.</strong></span> <span class='ocrx_word' id='word_1_234' title='bbox 441 3009 533 3072; x_wconf 90' lang='lat' dir='ltr'><strong>Senes</strong></span> <span class='ocrx_word' id='word_1_235' title='bbox 548 3009 604 3071; x_wconf 90' lang='lat' dir='ltr'><strong>viri</strong></span> <span class='ocrx_word' id='word_1_236' title='bbox 620 3009 747 3072; x_wconf 91' lang='lat' dir='ltr'><strong>induunt</strong></span> <span class='ocrx_word' id='word_1_237' title='bbox 762 3004 855 3072; x_wconf 78' lang='lat' dir='ltr'><strong>serim</strong></span> <span class='ocrx_word' id='word_1_238' title='bbox 871 3017 901 3072; x_wconf 91' lang='lat' dir='ltr'><strong>et</strong></span> <span class='ocrx_word' id='word_1_239' title='bbox 916 3018 1077 3073; x_wconf 85' lang='lat' dir='ltr'><strong>vescuntur</strong></span> <span class='ocrx_word' id='word_1_240' title='bbox 1093 3009 1243 3085; x_wconf 82' lang='lat' dir='ltr'><strong>carnibus,</strong></span> <span class='ocrx_word' id='word_1_241' title='bbox 1259 3010 1360 3088; x_wconf 74' lang='lat' dir='ltr'><strong>iunior</strong></span> <span class='ocrx_word' id='word_1_242' title='bbox 1370 3026 1463 3091; x_wconf 89' lang='lat' dir='ltr'><strong>popu·</strong></span> 
     </span>
     <span class='ocr_line' id='line_1_24' title="bbox 191 3121 1435 3205; baseline 0.002 -21"><span class='ocrx_word' id='word_1_243' title='bbox 191 3121 241 3185; x_wconf 90' lang='lat' dir='ltr'><strong>lus</strong></span> <span class='ocrx_word' id='word_1_244' title='bbox 253 3137 313 3185; x_wconf 91' lang='lat' dir='ltr'><strong>non</strong></span> <span class='ocrx_word' id='word_1_245' title='bbox 325 3122 460 3185; x_wconf 88' lang='lat' dir='ltr'><strong>esuriunt</strong></span> <span class='ocrx_word' id='word_1_246' title='bbox 475 3137 571 3201; x_wconf 90' lang='lat' dir='ltr'><strong>neque</strong></span> <span class='ocrx_word' id='word_1_247' title='bbox 586 3123 708 3205; x_wconf 78' lang='lat' dir='ltr'><strong>algent:</strong></span> <span class='ocrx_word' id='word_1_248' title='bbox 723 3123 763 3185; x_wconf 86' lang='lat' dir='ltr'><strong>ita</strong></span> <span class='ocrx_word' id='word_1_249' title='bbox 774 3128 803 3186; x_wconf 91' lang='lat' dir='ltr'><strong>et</strong></span> <span class='ocrx_word' id='word_1_250' title='bbox 813 3138 873 3186; x_wconf 93' lang='lat' dir='ltr'><strong>non</strong></span> <span class='ocrx_word' id='word_1_251' title='bbox 884 3123 942 3185; x_wconf 88' lang='lat' dir='ltr'><strong>late</strong></span> <span class='ocrx_word' id='word_1_252' title='bbox 954 3138 1093 3204; x_wconf 81' lang='lat' dir='ltr'><strong>regnans,</strong></span> <span class='ocrx_word' id='word_1_253' title='bbox 1114 3123 1246 3186; x_wconf 88' lang='lat' dir='ltr'><strong>nundum</strong></span> <span class='ocrx_word' id='word_1_254' title='bbox 1262 3123 1310 3187; x_wconf 83' lang='lat' dir='ltr'><strong>irie</strong></span> <span class='ocrx_word' id='word_1_255' title='bbox 1325 3124 1435 3187; x_wconf 89' lang='lat' dir='ltr'><strong>extitit.</strong></span> 
     </span>
    </p>
   </div>
   <div class='ocr_carea' id='block_1_5' title="bbox 613 3347 1043 3426">
    <p class='ocr_par' dir='ltr' id='par_1_5' title="bbox 613 3347 1043 3426">
     <span class='ocr_line' id='line_1_25' title="bbox 613 3347 1043 3426; baseline 0.005 -2"><span class='ocrx_word' id='word_1_256' title='bbox 613 3348 737 3424; x_wconf 78' lang='lat' dir='ltr'><strong>Palas</strong></span> <span class='ocrx_word' id='word_1_257' title='bbox 764 3347 1043 3426; x_wconf 77' lang='lat' dir='ltr'><strong>Posaamoa.</strong></span> 
     </span>
    </p>
   </div>
   <div class='ocr_carea' id='block_1_6' title="bbox 192 3578 1464 3774">
    <p class='ocr_par' dir='ltr' id='par_1_6' title="bbox 192 3578 1464 3774">
     <span class='ocr_line' id='line_1_26' title="bbox 254 3578 1464 3662; baseline 0.004 -21"><span class='ocrx_word' id='word_1_258' title='bbox 254 3578 468 3643; x_wconf 68' lang='lat' dir='ltr'><strong>adnotemus</strong></span> <span class='ocrx_word' id='word_1_259' title='bbox 493 3578 638 3661; x_wconf 79' lang='lat' dir='ltr'><strong>Tchoaog</strong></span> <span class='ocrx_word' id='word_1_260' title='bbox 661 3593 717 3658; x_wconf 91' lang='lat' dir='ltr'><strong>pao</strong></span> <span class='ocrx_word' id='word_1_261' title='bbox 743 3579 846 3642; x_wconf 91' lang='lat' dir='ltr'><strong>videns</strong></span> <span class='ocrx_word' id='word_1_262' title='bbox 871 3578 1029 3642; x_wconf 86' lang='lat' dir='ltr'><strong>Meutsium</strong></span> <span class='ocrx_word' id='word_1_263' title='bbox 1051 3580 1093 3643; x_wconf 89' lang='lat' dir='ltr'><strong>ait</strong></span> <span class='ocrx_word' id='word_1_264' title='bbox 1116 3599 1123 3642; x_wconf 92' lang='lat'>:</span> <span class='ocrx_word' id='word_1_265' title='bbox 1147 3595 1204 3662; x_wconf 83' lang='lat' dir='ltr'><strong>ego</strong></span> <span class='ocrx_word' id='word_1_266' title='bbox 1228 3580 1288 3645; x_wconf 90' lang='lat' dir='ltr'><strong>Pao</strong></span> <span class='ocrx_word' id='word_1_267' title='bbox 1314 3582 1403 3645; x_wconf 85' lang='lat' dir='ltr'><strong>revisi</strong></span> <span class='ocrx_word' id='word_1_268' title='bbox 1424 3583 1464 3647; x_wconf 90' lang='lat' dir='ltr'><strong>ad</strong></span> 
     </span>
     <span class='ocr_line' id='line_1_27' title="bbox 192 3692 1464 3774; baseline 0.003 -18"><span class='ocrx_word' id='word_1_269' title='bbox 192 3707 315 3774; x_wconf 79' lang='lat' dir='ltr'><strong>regem3</strong></span> <span class='ocrx_word' id='word_1_270' title='bbox 333 3708 385 3756; x_wconf 89' lang='lat' dir='ltr'><strong>rex</strong></span> <span class='ocrx_word' id='word_1_271' title='bbox 400 3694 518 3757; x_wconf 89' lang='lat' dir='ltr'><strong>loeutus</strong></span> <span class='ocrx_word' id='word_1_272' title='bbox 532 3699 578 3756; x_wconf 89' lang='lat' dir='ltr'><strong>est</strong></span> <span class='ocrx_word' id='word_1_273' title='bbox 593 3693 666 3756; x_wconf 91' lang='lat' dir='ltr'><strong>mihi</strong></span> <span class='ocrx_word' id='word_1_274' title='bbox 681 3692 717 3757; x_wconf 92' lang='lat' dir='ltr'><strong>de</strong></span> <span class='ocrx_word' id='word_1_275' title='bbox 731 3706 834 3756; x_wconf 89' lang='lat' dir='ltr'><strong>amore</strong></span> <span class='ocrx_word' id='word_1_276' title='bbox 848 3692 988 3767; x_wconf 84' lang='lat' dir='ltr'><strong>musices,</strong></span> <span class='ocrx_word' id='word_1_277' title='bbox 1000 3699 1031 3756; x_wconf 92' lang='lat' dir='ltr'><strong>et</strong></span> <span class='ocrx_word' id='word_1_278' title='bbox 1041 3693 1100 3758; x_wconf 88' lang='lat' dir='ltr'><strong>Pao</strong></span> <span class='ocrx_word' id='word_1_279' title='bbox 1119 3694 1250 3757; x_wconf 88' lang='lat' dir='ltr'><strong>nondum</strong></span> <span class='ocrx_word' id='word_1_280' title='bbox 1266 3694 1369 3758; x_wconf 86' lang='lat' dir='ltr'><strong>habult</strong></span> <span class='ocrx_word' id='word_1_281' title='bbox 1384 3698 1464 3761; x_wconf 90' lang='lat' dir='ltr'><strong>unde</strong></span> 
     </span>
    </p>
   </div>
   <div class='ocr_carea' id='block_1_7' title="bbox 190 4063 1465 4371">
    <p class='ocr_par' dir='ltr' id='par_1_7' title="bbox 190 4063 1465 4371">
     <span class='ocr_line' id='line_1_28' title="bbox 192 4063 1463 4146; baseline 0.003 -22"><span class='ocrx_word' id='word_1_282' title='bbox 192 4072 223 4124; x_wconf 87' lang='lat' dir='ltr'><strong>et</strong></span> <span class='ocrx_word' id='word_1_283' title='bbox 235 4073 278 4124; x_wconf 83' lang='lat' dir='ltr'><strong>est</strong></span> <span class='ocrx_word' id='word_1_284' title='bbox 289 4063 434 4136; x_wconf 82' lang='lat' dir='ltr'><strong>articulus,</strong></span> <span class='ocrx_word' id='word_1_285' title='bbox 455 4065 514 4126; x_wconf 83' lang='lat' dir='ltr'><strong>sive</strong></span> <span class='ocrx_word' id='word_1_286' title='bbox 527 4066 720 4125; x_wconf 83' lang='lat' dir='ltr'><strong>nominativus</strong></span> <span class='ocrx_word' id='word_1_287' title='bbox 734 4067 770 4125; x_wconf 90' lang='lat' dir='ltr'><strong>sit</strong></span> <span class='ocrx_word' id='word_1_288' title='bbox 784 4064 914 4143; x_wconf 81' lang='lat' dir='ltr'><strong>simplex,</strong></span> <span class='ocrx_word' id='word_1_289' title='bbox 933 4065 992 4126; x_wconf 89' lang='lat' dir='ltr'><strong>sive</strong></span> <span class='ocrx_word' id='word_1_290' title='bbox 1005 4067 1187 4145; x_wconf 86' lang='lat' dir='ltr'><strong>compositus,</strong></span> <span class='ocrx_word' id='word_1_291' title='bbox 1202 4067 1260 4128; x_wconf 82' lang='lat' dir='ltr'><strong>sive</strong></span> <span class='ocrx_word' id='word_1_292' title='bbox 1271 4068 1463 4146; x_wconf 82' lang='lat' dir='ltr'><strong>participium,</strong></span> 
     </span>
     <span class='ocr_line' id='line_1_29' title="bbox 191 4179 1465 4257; baseline 0.004 -20"><span class='ocrx_word' id='word_1_293' title='bbox 191 4180 251 4237; x_wconf 84' lang='lat' dir='ltr'><strong>sive</strong></span> <span class='ocrx_word' id='word_1_294' title='bbox 265 4179 445 4256; x_wconf 82' lang='lat' dir='ltr'><strong>participium</strong></span> <span class='ocrx_word' id='word_1_295' title='bbox 465 4199 527 4237; x_wconf 88' lang='lat' dir='ltr'><strong>oum</strong></span> <span class='ocrx_word' id='word_1_296' title='bbox 548 4199 601 4237; x_wconf 88' lang='lat' dir='ltr'><strong>suo</strong></span> <span class='ocrx_word' id='word_1_297' title='bbox 622 4180 768 4256; x_wconf 85' lang='lat' dir='ltr'><strong>regimine,</strong></span> <span class='ocrx_word' id='word_1_298' title='bbox 782 4181 842 4239; x_wconf 88' lang='lat' dir='ltr'><strong>sive</strong></span> <span class='ocrx_word' id='word_1_299' title='bbox 862 4179 949 4238; x_wconf 86' lang='lat' dir='ltr'><strong>etiam</strong></span> <span class='ocrx_word' id='word_1_300' title='bbox 971 4198 1135 4257; x_wconf 90' lang='lat' dir='ltr'><strong>pronomen.</strong></span> <span class='ocrx_word' id='word_1_301' title='bbox 1160 4179 1322 4257; x_wconf 87' lang='lat' dir='ltr'><strong>Aliquando</strong></span> <span class='ocrx_word' id='word_1_302' title='bbox 1335 4191 1378 4241; x_wconf 86' lang='lat' dir='ltr'><strong>eet</strong></span> <span class='ocrx_word' id='word_1_303' title='bbox 1391 4192 1465 4244; x_wconf 88' lang='lat' dir='ltr'><strong>nota</strong></span> 
     </span>
     <span class='ocr_line' id='line_1_30' title="bbox 190 4279 1462 4371; baseline 0.004 -20"><span class='ocrx_word' id='word_1_304' title='bbox 190 4291 321 4368; x_wconf 81' lang='lat' dir='ltr'><strong>genitivi,</strong></span> <span class='ocrx_word' id='word_1_305' title='bbox 333 4279 475 4370; x_wconf 68' lang='lat' dir='ltr'><strong>adjectivi,</strong></span> <span class='ocrx_word' id='word_1_306' title='bbox 485 4293 598 4370; x_wconf 78' lang='lat' dir='ltr'><strong>passivi</strong></span> <span class='ocrx_word' id='word_1_307' title='bbox 621 4292 701 4351; x_wconf 86' lang='lat' dir='ltr'><strong>Alias</strong></span> <span class='ocrx_word' id='word_1_308' title='bbox 709 4302 752 4352; x_wconf 86' lang='lat' dir='ltr'><strong>est</strong></span> <span class='ocrx_word' id='word_1_309' title='bbox 763 4293 878 4352; x_wconf 88' lang='lat' dir='ltr'><strong>verbnm</strong></span> <span class='ocrx_word' id='word_1_310' title='bbox 890 4299 920 4351; x_wconf 91' lang='lat' dir='ltr'><strong>et</strong></span> <span class='ocrx_word' id='word_1_311' title='bbox 930 4294 1069 4370; x_wconf 81' lang='lat' dir='ltr'><strong>signifieat</strong></span> <span class='ocrx_word' id='word_1_312' title='bbox 1079 4295 1128 4351; x_wconf 84' lang='lat' dir='ltr'><strong>ire.</strong></span> <span class='ocrx_word' id='word_1_313' title='bbox 1152 4292 1233 4353; x_wconf 82' lang='lat' dir='ltr'><strong>Alias</strong></span> <span class='ocrx_word' id='word_1_314' title='bbox 1243 4304 1286 4354; x_wconf 84' lang='lat' dir='ltr'><strong>eat</strong></span> <span class='ocrx_word' id='word_1_315' title='bbox 1296 4313 1462 4371; x_wconf 88' lang='lat' dir='ltr'><strong>pronomen,</strong></span> 
     </span>
    </p>
   </div>
   <div class='ocr_carea' id='block_1_8' title="bbox 189 4403 1559 4498">
    <p class='ocr_par' dir='ltr' id='par_1_8' title="bbox 189 4403 1559 4498">
     <span class='ocr_line' id='line_1_31' title="bbox 189 4403 1559 4498; baseline 0.004 -35"><span class='ocrx_word' id='word_1_316' title='bbox 189 4405 269 4482; x_wconf 85' lang='lat' dir='ltr'><strong>quod</strong></span> <span class='ocrx_word' id='word_1_317' title='bbox 290 4403 335 4466; x_wconf 87' lang='lat' dir='ltr'><strong>vel</strong></span> <span class='ocrx_word' id='word_1_318' title='bbox 356 4407 395 4465; x_wconf 86' lang='lat' dir='ltr'><strong>ad</strong></span> <span class='ocrx_word' id='word_1_319' title='bbox 415 4424 579 4485; x_wconf 84' lang='lat' dir='ltr'><strong>expressum</strong></span> <span class='ocrx_word' id='word_1_320' title='bbox 602 4406 781 4479; x_wconf 79' lang='lat' dir='ltr'><strong>antecedens,</strong></span> <span class='ocrx_word' id='word_1_321' title='bbox 807 4405 850 4466; x_wconf 89' lang='lat' dir='ltr'><strong>vel</strong></span> <span class='ocrx_word' id='word_1_322' title='bbox 871 4406 907 4465; x_wconf 87' lang='lat' dir='ltr'><strong>ad</strong></span> <span class='ocrx_word' id='word_1_323' title='bbox 927 4407 1070 4468; x_wconf 86' lang='lat' dir='ltr'><strong>intentum</strong></span> <span class='ocrx_word' id='word_1_324' title='bbox 1092 4408 1230 4468; x_wconf 79' lang='lat' dir='ltr'><strong>sermonis</strong></span> <span class='ocrx_word' id='word_1_325' title='bbox 1250 4416 1463 4486; x_wconf 86' lang='lat' dir='ltr'><strong>argumentum,</strong></span> <span class='ocrx_word' id='word_1_326' title='bbox 1556 4492 1559 4498; x_wconf 27' lang='grc' dir='ltr'>Ι</span> 
     </span>
    </p>
   </div>
   <div class='ocr_carea' id='block_1_9' title="bbox 188 4519 907 4826">
    <p class='ocr_par' dir='ltr' id='par_1_9' title="bbox 188 4519 907 4826">
     <span class='ocr_line' id='line_1_32' title="bbox 188 4519 857 4597; baseline -0.004 -18"><span class='ocrx_word' id='word_1_327' title='bbox 188 4539 305 4596; x_wconf 87' lang='lat' dir='ltr'><strong>remque</strong></span> <span class='ocrx_word' id='word_1_328' title='bbox 320 4519 482 4597; x_wconf 81' lang='lat' dir='ltr'><strong>generatim</strong></span> <span class='ocrx_word' id='word_1_329' title='bbox 496 4519 532 4578; x_wconf 90' lang='lat' dir='ltr'><strong>de</strong></span> <span class='ocrx_word' id='word_1_330' title='bbox 545 4539 601 4596; x_wconf 88' lang='lat' dir='ltr'><strong>qua</strong></span> <span class='ocrx_word' id='word_1_331' title='bbox 614 4520 718 4597; x_wconf 83' lang='lat' dir='ltr'><strong>agitur.</strong></span> <span class='ocrx_word' id='word_1_332' title='bbox 732 4519 857 4578; x_wconf 86' lang='lat' dir='ltr'><strong>refertur.</strong></span> 
     </span>
     <span class='ocr_line' id='line_1_33' title="bbox 230 4609 867 4710; baseline 0.002 -18"><span class='ocrx_word' id='word_1_333' title='bbox 230 4625 276 4703; x_wconf 87' lang='lat'><strong>(3)</strong></span> <span class='ocrx_word' id='word_1_334' title='bbox 296 4632 385 4693; x_wconf 84' lang='lat' dir='ltr'><strong>Illam</strong></span> <span class='ocrx_word' id='word_1_335' title='bbox 402 4609 459 4704; x_wconf 52' lang='lat' dir='ltr'><strong>Q,</strong></span> <span class='ocrx_word' id='word_1_336' title='bbox 475 4632 560 4692; x_wconf 88' lang='lat' dir='ltr'><strong>veluti</strong></span> <span class='ocrx_word' id='word_1_337' title='bbox 576 4650 703 4710; x_wconf 87' lang='lat' dir='ltr'><strong>pausam,</strong></span> <span class='ocrx_word' id='word_1_338' title='bbox 718 4633 867 4710; x_wconf 89' lang='lat' dir='ltr'><strong>perpende.</strong></span> 
     </span>
     <span class='ocr_line' id='line_1_34' title="bbox 227 4740 907 4826; baseline 0.003 -18"><span class='ocrx_word' id='word_1_339' title='bbox 227 4740 274 4818; x_wconf 83' lang='lat'><strong>(4)</strong></span> <span class='ocrx_word' id='word_1_340' title='bbox 295 4746 474 4808; x_wconf 84' lang='lat' dir='ltr'><strong>Proureandi</strong></span> <span class='ocrx_word' id='word_1_341' title='bbox 487 4744 639 4824; x_wconf 86' lang='lat' dir='ltr'><strong>aleudiqne</strong></span> <span class='ocrx_word' id='word_1_342' title='bbox 657 4746 757 4807; x_wconf 87' lang='lat' dir='ltr'><strong>foetum</strong></span> <span class='ocrx_word' id='word_1_343' title='bbox 772 4754 907 4826; x_wconf 84' lang='lat' dir='ltr'><strong>tempora.</strong></span> 
     </span>
    </p>
   </div>
   <div class='ocr_carea' id='block_1_10' title="bbox 0 0 1782 5664">
    <p class='ocr_par' dir='ltr' id='par_1_10' title="bbox 0 0 1782 5664">
     <span class='ocr_line' id='line_1_35' title="bbox 0 0 1782 5664; baseline 0 0"><span class='ocrx_word' id='word_1_344' title='bbox 0 0 1782 5664; x_wconf 95' lang='lat' dir='ltr'><strong> </strong></span> 
     </span>
    </p>
   </div>
  </div>
 </body>
</html>
