3554 5642
509 461 605 507 canon
624 459 773 502 caraunus
785 475 827 487 —
840 458 914 501 runs
934 458 1098 505 rosnsmon
1380 456 1437 515 633

212 575 267 640 36.
294 576 381 642 Wan
398 577 510 657 tobang
524 575 714 654 interrogans
724 571 766 635 ait
778 592 785 634 :
799 572 957 636 conracius
973 574 1148 639 moratusin
1159 577 1274 642 T‘oben
1290 582 1436 646 exclama

152 689 224 753 bat:
238 691 350 769 quidni
368 689 547 770 repatrieml
563 688 622 751 mei
637 686 707 768 pagi
722 684 834 749 alumni
850 687 927 750 altos
943 694 1052 767 gerunt
1068 689 1201 768 spiritus,
1214 694 1436 760 atsuntincon·

153 802 297 879 siderati3
323 818 506 886 progressus
520 801 674 874 anhelant,
696 799 748 863 sed
763 814 822 863 non
838 799 999 863 emendant
1012 816 1066 863 sua
1084 804 1254 881 primordia.
1278 807 1438 873 conracius

152 931 284 980 manens
295 917 328 980 in
340 918 458 982 T‘cben
474 914 668 995 quamobrem
684 911 868 994 recogitabat
883 913 995 991 patrios
1009 914 1104 979 elatos
1119 917 1276 984 alumnos?
1292 922 1437 986 Menrsius
1523 956 1527 965 ·

152 1030 195 1092 ait
212 1049 220 1092 :
239 1029 410 1095 Conlucins
424 1045 483 1094 non
500 1027 654 1092 inveniens
676 1025 807 1089 medium
830 1031 976 1103 tenemes,
1000 1028 1177 1106 quibuscum
1199 1040 1313 1114 ageret,
1337 1051 1437 1099 nonne

152 1144 254 1222 potius
266 1159 342 1208 oum
353 1144 440 1209 elatis
454 1142 554 1205 animo
569 1140 701 1219 rectique
717 1139 889 1203 tenacibus?
909 1138 1017 1205 Animo
1031 1142 1102 1205 clati
1118 1159 1295 1227 progressus
1309 1149 1430 1226 iaciunt,

153 1257 228 1320 recti
255 1264 383 1322 tenaces
403 1268 449 1321 est
470 1255 548 1335 quod
570 1269 629 1318 non
652 1253 865 1332 perpetrabunt
882 1273 889 1314 :
908 1252 1067 1318 donrueius
1088 1259 1138 1335 qul
1160 1260 1280 1324 nolebat
1304 1262 1435 1325 medium

152 1376 319 1434 tenentes?
335 1388 394 1436 non
410 1369 504 1450 potuit
521 1374 601 1432 certe
616 1367 750 1430 invenire
763 1385 770 1427 ε
784 1366 850 1430 ideo
864 1366 1049 1449 recogitabat
1058 1368 1096 1432 ab
1105 1370 1143 1433 iis
1153 1374 1309 1438 secundos.
1331 1373 1436 1439 Ausim

152 1482 362 1566 interrogare,
390 1482 556 1564 cujusmodi
581 1481 722 1544 contiuuo
746 1486 886 1559 poterunt
907 1481 1008 1544 vocari
1030 1483 1107 1546 altos
1136 1484 1258 1563 spiritus
1282 1497 1432 1569 gerentes.

153 1596 328 1675 Respondit
345 1618 353 1660 ε
371 1596 539 1676 cujusmodi
558 1595 631 1658 K‘in
652 1594 788 1675 l'cbang,
813 1594 916 1674 Tseng
930 1594 967 1669 si,
984 1594 1053 1659 Mon
1070 1596 1113 1675 p‘i
1129 1595 1185 1681 (1),
1208 1601 1263 1664 bos
1277 1601 1436 1665 Goniucius

153 1710 286 1774 vocabat
302 1711 380 1776 altos
395 1710 518 1790 spiritus
533 1714 682 1791 gerentes.
705 1708 743 1770 Et
757 1721 849 1786 quare
860 1706 903 1770 sic
913 1708 1058 1771 vocabat?
1079 1710 1260 1790 Respondit:
1276 1714 1319 1777 illi
1335 1715 1434 1779 animo

153 1823 239 1900 elati,
259 1825 423 1907 magnidici
439 1821 664 1905 ingeminabant
682 1840 690 1883 ε
708 1837 726 1885 o
741 1820 927 1900 antiquitatis
942 1821 1087 1899 homiues,
1109 1825 1293 1904 antiquitatis
1309 1828 1431 1892 beroesl

153 1933 192 1999 At
203 1937 230 2000 si
239 1937 330 2016 iuxta
344 1938 532 2033 examinares
546 1951 650 2000 eorum
666 1934 809 2010 actiones,
825 1933 887 2012 jam
898 1950 957 1998 non
968 1941 1054 1999 erant
1068 1937 1269 2017 adaequantes
1285 1938 1340 2025 (t).
1359 1942 1433 2005 llum

155 2049 334 2129 huiusmodi
349 2050 535 2134 magnidicos
545 2050 642 2112 adbuc
652 2064 711 2111 non
724 2054 822 2126 posset
833 2047 978 2124 inuenire,
995 2049 1132 2127 cupiebat
1146 2051 1256 2117 babere
1270 2054 1432 2137 dedignan-

156 2169 202 2226 tes
223 2164 325 2244 turpia
347 2166 497 2239 alumnos,
514 2170 548 2226 ut
563 2163 600 2225 iis
614 2161 836 2227 consociaretur
853 2180 861 2222 ε
879 2161 910 2224 bi
926 2168 995 2224 sunt
1018 2163 1091 2226 recti
1113 2171 1245 2243 tenaces,
1272 2174 1433 2248 suntquea

155 2278 301 2341 secundis
315 2278 448 2342 secundi.
472 2276 512 2340 At
535 2276 693 2340 Conlucius
716 2273 813 2338 aicbat
839 2293 847 2336 :
875 2274 983 2354 quibus
997 2278 1319 2360 praetergredientibus
1334 2297 1433 2345 meam

155 2397 278 2468 portam
304 2391 374 2471 quin
399 2390 607 2474 ingrediantur
631 2405 729 2452 meam
753 2387 883 2464 donnum,
911 2403 969 2470 ego
991 2404 1050 2452 non
1075 2406 1251 2470 succenseo,
1269 2393 1291 2456 ii
1313 2395 1434 2459 nonnisi

157 2502 336 2568 sicanorum
347 2504 466 2584 optimi;
482 2503 652 2568 vicenorum
663 2502 767 2582 optimi
778 2501 977 2565 suntvirtutis
989 2503 1090 2582 pestis.
1103 2538 1147 2549 -
1157 2504 1234 2570 Petit
1244 2506 1433 2586 :cuiusmodi

157 2632 250 2694 porro
266 2619 392 2682 vocandi
407 2622 477 2682 sunt
492 2617 664 2681 deonorum
680 2615 803 2694 optimi?
818 2614 932 2687 -Qui
947 2616 1031 2678 aiunt
1049 2636 1056 2679 :
1079 2621 1135 2679 «ut
1149 2619 1220 2697 quid
1234 2636 1288 2684 vos
1303 2619 1346 2683 sic
1360 2621 1431 2684 elati

158 2738 188 2792 ct
203 2732 388 2813 magnidici?
407 2729 498 2795 verba
513 2746 573 2795 non
589 2729 768 2809 respondent
790 2729 887 2804 lactis,
910 2728 986 2792 lacta
1001 2745 1061 2793 non
1076 2731 1236 2796 cohaerent
1260 2733 1357 2798 verbis
1375 2753 1382 2796 ε
1401 2741 1431 2797 et

159 2849 261 2910 umen
287 2845 486 2909 exclamatis:
509 2843 758 2924 ooottquttctis
781 2843 936 2919 hominm,
964 2844 1180 2923 antiquitatis
1200 2847 1370 2909 hominos!
1394 2848 1432 2909 Et

159 2973 213 3021 vos
226 2959 274 3037 (3)
289 2958 319 3021 iu
336 2958 444 3041 agendi
460 2957 586 3033 rationo,
603 2972 657 3021 cur
672 2971 792 3019 accessu
808 2955 940 3019 difficiles
955 2964 985 3021 et
999 2958 1212 3023 cousuetudine
1227 2959 1327 3042 frigidi
1342 2960 1430 3024 estisr

159 3069 227 3135 Nati
248 3071 279 3134 in
301 3072 358 3136 boc
379 3072 498 3136 saecqu
520 3070 585 3134 sitis
607 3069 697 3149 buius
716 3068 843 3145 saeculi;
870 3069 895 3132 si
906 3068 973 3133 boui
987 3069 1050 3148 jam
1065 3070 1170 3134 satis.»
1193 3071 1249 3145 Qui
1264 3072 1430 3137 umbratico

159 3199 244 3249 more
258 3186 306 3263 (4)
321 3185 450 3266 gratiam
472 3189 659 3263 aucupantur
679 3181 758 3261 apud
779 3183 943 3259 saeculum,
960 3199 997 3247 en
1013 3184 1083 3265 pagi
1098 3185 1326 3249 bonestisssimi.
1349 3187 1429 3250 Wan

159 3299 274 3380 tobang
288 3299 331 3362 ait
348 3318 356 3361 :
374 3314 479 3363 omncs
494 3297 591 3362 vicani
606 3312 700 3376 aeque
719 3302 826 3360 vocant
845 3296 1056 3378 integerrimos
1074 3297 1171 3374 viros;
1195 3313 1342 3379 nusquam
1357 3307 1430 3363 eunt

159 3411 231 3490 quin
246 3419 341 3494 agant
354 3412 565 3493 integerrimos
579 3411 676 3486 uiros;
694 3415 724 3473 et
738 3408 896 3473 Conlucius
910 3416 1012 3474 censet
1026 3410 1144 3474 virtutis
1160 3418 1273 3491 pestem
1291 3431 1298 3474 :
1316 3418 1429 3492 quare?

159 3524 325 3604 Respondit
341 3545 348 3588 :
366 3532 399 3589 ut
413 3540 519 3604 carpas
533 3524 613 3599 illos,
631 3523 673 3587 nil
688 3521 827 3601 estquod
842 3523 959 3601 capias;
977 3529 1010 3585 ut
1024 3538 1141 3605 pungas
1156 3524 1235 3601 illos,
1252 3525 1295 3588 nil
1309 3531 1355 3589 est
1370 3541 1429 3605 quo

159 3637 270 3702 terias:
284 3638 465 3703 conveniunt
475 3654 543 3703 cum
555 3636 651 3701 delluo
665 3637 769 3718 vulgo,
782 3650 814 3700 sc
824 3637 1017 3701 accomodant
1027 3637 1064 3701 ad
1074 3644 1248 3717 corruptum
1263 3640 1404 3703 saeculum
1418 3658 1426 3702 :

159 3751 264 3815 babitu
279 3752 418 3815 ridentur
434 3751 535 3816 lideles
550 3760 580 3814 et
595 3750 714 3827 sinceri,
732 3749 847 3813 actibus
861 3749 999 3813 rideatur
1013 3749 1104 3813 sobrii
1119 3756 1149 3814 et
1163 3751 1274 3833 integri
1291 3772 1298 3815 :
1319 3752 1429 3832 populo

199 4119 246 4196 (1)
267 4127 312 4187 De
325 4125 395 4186 Mon
409 4115 456 4206 p‘i,
472 4125 582 4186 nullum
599 4133 682 4186 extat
695 4125 853 4202 vestigium.

199 4231 248 4311 (2)
267 4240 365 4300 Verba
382 4241 536 4318 'grarrdiora
548 4260 634 4317 quarn
648 4239 783 4311 actiones,
798 4238 860 4313 jam
873 4257 931 4295 non
945 4246 1077 4315 poterant
1091 4237 1129 4298 ab
1141 4239 1176 4298 iis
1188 4237 1325 4316 cooperiri
1338 4247 1428 4317 atquc

161 4352 314 4434 adimpleri.
338 4332 378 4419 ff
396 4332 436 4419 Β
454 4334 496 4419 itii
508 4398 516 4426 ‚
530 4354 620 4414 eninm
633 4352 825 4428 sermonisque
839 4349 970 4427 designat
983 4350 1144 4411 elationem.
1161 4332 1201 4414 ἦ
1211 4350 1297 4428 juxta
1311 4371 1427 4430 ponere,

160 4467 197 4526 ed
210 4468 412 4546 equalitatem.

198 4573 245 4653 (3)
267 4582 309 4641 Et
324 4602 384 4657 ros,
400 4583 499 4642 crecti
514 4591 637 4642 tenaces.

199 4689 246 4768 (4)
266 4698 304 4760 Se
317 4696 397 4758 velut
411 4696 601 4758 subducentes
614 4692 805 4754 eunuchorum
823 4691 922 4763 instar,
935 4690 1006 4767 quin
1021 4692 1147 4752 audeant
1159 4689 1213 4752 ulli
1226 4692 1426 4756 contradicere.
