<?xml version="1.0" encoding="UTF-8"?>
<!DOCTYPE html PUBLIC "-//W3C//DTD XHTML 1.0 Transitional//EN"
    "http://www.w3.org/TR/xhtml1/DTD/xhtml1-transitional.dtd">
<html xmlns="http://www.w3.org/1999/xhtml" xml:lang="en" lang="en">
 <head>
  <title>
</title>
<meta http-equiv="Content-Type" content="text/html;charset=utf-8" />
  <meta name='ocr-system' content='tesseract 3.04.00' />
  <meta name='ocr-capabilities' content='ocr_page ocr_carea ocr_par ocr_line ocrx_word'/>
</head>
<body>
  <div class='ocr_page' id='page_1' title='image "./cursuslitteratu00zottgoog_0343.png"; bbox 0 0 3574 5664; ppageno 0'>
   <div class='ocr_carea' id='block_1_1' title="bbox 601 491 1533 557">
    <p class='ocr_par' dir='ltr' id='par_1_1' title="bbox 601 491 1533 557">
     <span class='ocr_line' id='line_1_1' title="bbox 601 491 1533 557; baseline -0.003 -5"><span class='ocrx_word' id='word_1_1' title='bbox 601 506 698 552; x_wconf 79' lang='lat' dir='ltr'><strong>saror</strong></span> <span class='ocrx_word' id='word_1_2' title='bbox 714 504 990 557; x_wconf 71' lang='lat' dir='ltr'><strong>emron-rsus</strong></span> <span class='ocrx_word' id='word_1_3' title='bbox 1005 504 1170 549; x_wconf 71' lang='lat' dir='ltr'><strong>rosunum</strong></span> <span class='ocrx_word' id='word_1_4' title='bbox 1473 491 1533 551; x_wconf 85' lang='lat' dir='ltr'><strong>tot</strong></span> 
     </span>
    </p>
   </div>
   <div class='ocr_carea' id='block_1_2' title="bbox 252 617 1535 701">
    <p class='ocr_par' dir='ltr' id='par_1_2' title="bbox 252 617 1535 701">
     <span class='ocr_line' id='line_1_2' title="bbox 252 617 1535 701; baseline -0.001 -16"><span class='ocrx_word' id='word_1_5' title='bbox 252 619 396 686; x_wconf 73' lang='lat' dir='ltr'><strong>elevabat</strong></span> <span class='ocrx_word' id='word_1_6' title='bbox 409 621 443 686; x_wconf 90' lang='lat' dir='ltr'><strong>in</strong></span> <span class='ocrx_word' id='word_1_7' title='bbox 460 620 619 685; x_wconf 89' lang='lat' dir='ltr'><strong>salutantis</strong></span> <span class='ocrx_word' id='word_1_8' title='bbox 639 618 772 695; x_wconf 90' lang='lat' dir='ltr'><strong>modum,</strong></span> <span class='ocrx_word' id='word_1_9' title='bbox 794 617 970 683; x_wconf 76' lang='lat' dir='ltr'>demittebat</span> <span class='ocrx_word' id='word_1_10' title='bbox 984 618 1021 681; x_wconf 91' lang='lat' dir='ltr'><strong>ad</strong></span> <span class='ocrx_word' id='word_1_11' title='bbox 1035 619 1134 682; x_wconf 90' lang='lat' dir='ltr'><strong>dantis</strong></span> <span class='ocrx_word' id='word_1_12' title='bbox 1153 617 1264 695; x_wconf 82' lang='lat' dir='ltr'><strong>instar3</strong></span> <span class='ocrx_word' id='word_1_13' title='bbox 1292 617 1427 683; x_wconf 86' lang='lat' dir='ltr'><strong>mutabat</strong></span> <span class='ocrx_word' id='word_1_14' title='bbox 1446 620 1535 701; x_wconf 85' lang='lat' dir='ltr'><strong>quasi</strong></span> 
     </span>
    </p>
   </div>
   <div class='ocr_carea' id='block_1_3' title="bbox 251 731 1619 2065">
    <p class='ocr_par' dir='ltr' id='par_1_3' title="bbox 254 731 1534 1045">
     <span class='ocr_line' id='line_1_3' title="bbox 254 731 1530 815; baseline 0 -17"><span class='ocrx_word' id='word_1_15' title='bbox 254 734 400 814; x_wconf 80' lang='lat' dir='ltr'><strong>prelians</strong></span> <span class='ocrx_word' id='word_1_16' title='bbox 426 737 573 812; x_wconf 85' lang='lat' dir='ltr'><strong>colorem,</strong></span> <span class='ocrx_word' id='word_1_17' title='bbox 601 732 748 815; x_wconf 75' lang='lat' dir='ltr'>pedesque</span> <span class='ocrx_word' id='word_1_18' title='bbox 771 732 821 796; x_wconf 83' lang='lat' dir='ltr'><strong>vix</strong></span> <span class='ocrx_word' id='word_1_19' title='bbox 842 731 997 796; x_wconf 72' lang='lat' dir='ltr'><strong>attollebat</strong></span> <span class='ocrx_word' id='word_1_20' title='bbox 1020 732 1105 811; x_wconf 84' lang='lat' dir='ltr'><strong>qnasi</strong></span> <span class='ocrx_word' id='word_1_21' title='bbox 1126 731 1250 795; x_wconf 87' lang='lat' dir='ltr'><strong>haberet</strong></span> <span class='ocrx_word' id='word_1_22' title='bbox 1273 731 1530 811; x_wconf 74' lang='lat' dir='ltr'><strong>impedimentum.</strong></span> 
     </span>
     <span class='ocr_line' id='line_1_4' title="bbox 256 844 1534 931; baseline 0 -20"><span class='ocrx_word' id='word_1_23' title='bbox 256 846 397 913; x_wconf 78' lang='lat' dir='ltr'><strong>offerens</strong></span> <span class='ocrx_word' id='word_1_24' title='bbox 415 850 502 931; x_wconf 75' lang='lat' dir='ltr'><strong>regia</strong></span> <span class='ocrx_word' id='word_1_25' title='bbox 523 862 647 912; x_wconf 87' lang='lat' dir='ltr'><strong>munera</strong></span> <span class='ocrx_word' id='word_1_26' title='bbox 666 846 794 910; x_wconf 86' lang='lat' dir='ltr'><strong>babebat</strong></span> <span class='ocrx_word' id='word_1_27' title='bbox 814 860 930 911; x_wconf 90' lang='lat' dir='ltr'><strong>comem</strong></span> <span class='ocrx_word' id='word_1_28' title='bbox 944 846 1074 922; x_wconf 73' lang='lat' dir='ltr'><strong>emtum,</strong></span> <span class='ocrx_word' id='word_1_29' title='bbox 1096 844 1211 926; x_wconf 87' lang='lat' dir='ltr'><strong>privata</strong></span> <span class='ocrx_word' id='word_1_30' title='bbox 1231 850 1332 909; x_wconf 87' lang='lat' dir='ltr'><strong>autem</strong></span> <span class='ocrx_word' id='word_1_31' title='bbox 1348 852 1534 926; x_wconf 75' lang='lat' dir='ltr'><strong>presentans</strong></span> 
     </span>
     <span class='ocr_line' id='line_1_5' title="bbox 258 958 601 1045; baseline -0.003 -20"><span class='ocrx_word' id='word_1_32' title='bbox 258 960 451 1028; x_wconf 72' lang='lat' dir='ltr'><strong>letabundus</strong></span> <span class='ocrx_word' id='word_1_33' title='bbox 464 958 556 1045; x_wconf 88' lang='lat' dir='ltr'><strong>erat(</strong></span> <span class='ocrx_word' id='word_1_34' title='bbox 579 958 601 1045; x_wconf 94' lang='grc'>).</span> 
     </span>
    </p>

    <p class='ocr_par' dir='ltr' id='par_1_4' title="bbox 251 1071 1619 2065">
     <span class='ocr_line' id='line_1_6' title="bbox 319 1071 1532 1157; baseline -0.002 -17"><span class='ocrx_word' id='word_1_35' title='bbox 319 1076 349 1140; x_wconf 88' lang='lat'><strong>6.</strong></span> <span class='ocrx_word' id='word_1_36' title='bbox 375 1076 501 1157; x_wconf 85' lang='lat' dir='ltr'><strong>Sapiens</strong></span> <span class='ocrx_word' id='word_1_37' title='bbox 515 1081 692 1140; x_wconf 89' lang='lat' dir='ltr'><strong>nosternon</strong></span> <span class='ocrx_word' id='word_1_38' title='bbox 708 1072 872 1153; x_wconf 80' lang='lat' dir='ltr'><strong>usurpabat</strong></span> <span class='ocrx_word' id='word_1_39' title='bbox 885 1072 1052 1137; x_wconf 77' lang='lat' dir='ltr'><strong>molossum</strong></span> <span class='ocrx_word' id='word_1_40' title='bbox 1067 1071 1308 1152; x_wconf 80' lang='lat' dir='ltr'><strong>colossinumoue</strong></span> <span class='ocrx_word' id='word_1_41' title='bbox 1323 1073 1465 1150; x_wconf 90' lang='lat' dir='ltr'><strong>limbum;</strong></span> <span class='ocrx_word' id='word_1_42' title='bbox 1481 1090 1532 1138; x_wconf 89' lang='lat' dir='ltr'><strong>ru·</strong></span> 
     </span>
     <span class='ocr_line' id='line_1_7' title="bbox 261 1183 1565 1281; baseline -0.001 -29"><span class='ocrx_word' id='word_1_43' title='bbox 261 1186 315 1254; x_wconf 91' lang='lat' dir='ltr'><strong>bro</strong></span> <span class='ocrx_word' id='word_1_44' title='bbox 329 1195 362 1255; x_wconf 89' lang='lat' dir='ltr'><strong>et</strong></span> <span class='ocrx_word' id='word_1_45' title='bbox 375 1204 528 1270; x_wconf 82' lang='lat' dir='ltr'><strong>purpureo</strong></span> <span class='ocrx_word' id='word_1_46' title='bbox 543 1188 642 1254; x_wconf 87' lang='lat' dir='ltr'><strong>eslere</strong></span> <span class='ocrx_word' id='word_1_47' title='bbox 657 1185 931 1266; x_wconf 83' lang='lat' dir='ltr'><strong>mnutebatnrpro</strong></span> <span class='ocrx_word' id='word_1_48' title='bbox 944 1184 1103 1250; x_wconf 86' lang='lat' dir='ltr'><strong>ordinariis</strong></span> <span class='ocrx_word' id='word_1_49' title='bbox 1116 1185 1249 1250; x_wconf 84' lang='lat' dir='ltr'><strong>restibus</strong></span> <span class='ocrx_word' id='word_1_50' title='bbox 1261 1183 1314 1269; x_wconf 79' lang='lat' dir='ltr'><strong>(t).</strong></span> <span class='ocrx_word' id='word_1_51' title='bbox 1335 1185 1392 1250; x_wconf 89' lang='lat' dir='ltr'><strong>Per</strong></span> <span class='ocrx_word' id='word_1_52' title='bbox 1401 1187 1530 1264; x_wconf 86' lang='lat' dir='ltr'><strong>calores,</strong></span> <span class='ocrx_word' id='word_1_53' title='bbox 1561 1274 1565 1281; x_wconf 14' lang='grc' dir='ltr'>ὗ</span> 
     </span>
     <span class='ocr_line' id='line_1_8' title="bbox 263 1298 1532 1383; baseline -0.001 -18"><span class='ocrx_word' id='word_1_54' title='bbox 263 1302 428 1383; x_wconf 75' lang='lat' dir='ltr'><strong>simplicem</strong></span> <span class='ocrx_word' id='word_1_55' title='bbox 443 1320 460 1367; x_wconf 91' lang='lat' dir='ltr'><strong>e</strong></span> <span class='ocrx_word' id='word_1_56' title='bbox 476 1302 621 1382; x_wconf 77' lang='lat' dir='ltr'><strong>puerone</strong></span> <span class='ocrx_word' id='word_1_57' title='bbox 637 1301 718 1366; x_wconf 85' lang='lat' dir='ltr'><strong>fibris</strong></span> <span class='ocrx_word' id='word_1_58' title='bbox 732 1307 848 1364; x_wconf 89' lang='lat' dir='ltr'><strong>restem</strong></span> <span class='ocrx_word' id='word_1_59' title='bbox 863 1300 978 1364; x_wconf 89' lang='lat' dir='ltr'><strong>solebat</strong></span> <span class='ocrx_word' id='word_1_60' title='bbox 992 1299 1090 1364; x_wconf 76' lang='lat' dir='ltr'><strong>meere</strong></span> <span class='ocrx_word' id='word_1_61' title='bbox 1104 1298 1295 1376; x_wconf 81' lang='lat' dir='ltr'><strong>exteriorem,</strong></span> <span class='ocrx_word' id='word_1_62' title='bbox 1312 1308 1342 1363; x_wconf 90' lang='lat' dir='ltr'><strong>ct</strong></span> <span class='ocrx_word' id='word_1_63' title='bbox 1356 1301 1532 1380; x_wconf 88' lang='lat' dir='ltr'><strong>superindu-</strong></span> 
     </span>
     <span class='ocr_line' id='line_1_9' title="bbox 263 1412 1534 1500; baseline -0.002 -20"><span class='ocrx_word' id='word_1_64' title='bbox 263 1431 329 1480; x_wconf 87' lang='lat' dir='ltr'><strong>cere</strong></span> <span class='ocrx_word' id='word_1_65' title='bbox 343 1416 427 1480; x_wconf 90' lang='lat' dir='ltr'><strong>illam</strong></span> <span class='ocrx_word' id='word_1_66' title='bbox 445 1412 501 1500; x_wconf 88' lang='grc'>(3).</span> <span class='ocrx_word' id='word_1_67' title='bbox 531 1416 624 1498; x_wconf 74' lang='lat' dir='ltr'><strong>Nigra</strong></span> <span class='ocrx_word' id='word_1_68' title='bbox 640 1415 732 1479; x_wconf 90' lang='lat' dir='ltr'><strong>vestis</strong></span> <span class='ocrx_word' id='word_1_69' title='bbox 746 1413 857 1497; x_wconf 80' lang='lat' dir='ltr'><strong>agnina</strong></span> <span class='ocrx_word' id='word_1_70' title='bbox 871 1413 949 1493; x_wconf 90' lang='lat' dir='ltr'><strong>pelle</strong></span> <span class='ocrx_word' id='word_1_71' title='bbox 965 1412 1178 1489; x_wconf 81' lang='lat' dir='ltr'><strong>submiserat,</strong></span> <span class='ocrx_word' id='word_1_72' title='bbox 1202 1412 1269 1476; x_wconf 88' lang='lat' dir='ltr'><strong>alba</strong></span> <span class='ocrx_word' id='word_1_73' title='bbox 1290 1413 1381 1478; x_wconf 88' lang='lat' dir='ltr'><strong>vestis</strong></span> <span class='ocrx_word' id='word_1_74' title='bbox 1397 1413 1534 1478; x_wconf 84' lang='lat' dir='ltr'><strong>hinnulei</strong></span> 
     </span>
     <span class='ocr_line' id='line_1_10' title="bbox 263 1526 1532 1608; baseline -0.001 -16"><span class='ocrx_word' id='word_1_75' title='bbox 263 1530 349 1608; x_wconf 91' lang='lat' dir='ltr'><strong>pelle,</strong></span> <span class='ocrx_word' id='word_1_76' title='bbox 372 1545 481 1594; x_wconf 86' lang='lat' dir='ltr'><strong>mecca</strong></span> <span class='ocrx_word' id='word_1_77' title='bbox 500 1528 592 1594; x_wconf 83' lang='lat' dir='ltr'><strong>vestis</strong></span> <span class='ocrx_word' id='word_1_78' title='bbox 612 1529 733 1608; x_wconf 82' lang='lat' dir='ltr'><strong>vulpina</strong></span> <span class='ocrx_word' id='word_1_79' title='bbox 752 1528 851 1607; x_wconf 82' lang='lat' dir='ltr'><strong>peile3</strong></span> <span class='ocrx_word' id='word_1_80' title='bbox 875 1526 1044 1591; x_wconf 88' lang='lat' dir='ltr'><strong>ordinarius</strong></span> <span class='ocrx_word' id='word_1_81' title='bbox 1064 1528 1158 1590; x_wconf 83' lang='lat' dir='ltr'><strong>rheno</strong></span> <span class='ocrx_word' id='word_1_82' title='bbox 1180 1526 1345 1605; x_wconf 87' lang='lat' dir='ltr'><strong>promissus</strong></span> <span class='ocrx_word' id='word_1_83' title='bbox 1359 1533 1436 1603; x_wconf 87' lang='lat' dir='ltr'><strong>erat,</strong></span> <span class='ocrx_word' id='word_1_84' title='bbox 1457 1542 1532 1591; x_wconf 83' lang='lat' dir='ltr'><strong>eon·</strong></span> 
     </span>
     <span class='ocr_line' id='line_1_11' title="bbox 261 1637 1619 1726; baseline -0.002 -20"><span class='ocrx_word' id='word_1_85' title='bbox 261 1648 355 1707; x_wconf 79' lang='lat' dir='ltr'><strong>tracta</strong></span> <span class='ocrx_word' id='word_1_86' title='bbox 376 1643 501 1708; x_wconf 83' lang='lat' dir='ltr'><strong>dextera</strong></span> <span class='ocrx_word' id='word_1_87' title='bbox 521 1642 639 1707; x_wconf 82' lang='lat' dir='ltr'><strong>manica</strong></span> <span class='ocrx_word' id='word_1_88' title='bbox 660 1637 716 1726; x_wconf 77' lang='grc'>(4).</span> <span class='ocrx_word' id='word_1_89' title='bbox 745 1640 851 1721; x_wconf 86' lang='lat' dir='ltr'><strong>Vulpis</strong></span> <span class='ocrx_word' id='word_1_90' title='bbox 869 1640 1015 1720; x_wconf 79' lang='lat' dir='ltr'><strong>metisque</strong></span> <span class='ocrx_word' id='word_1_91' title='bbox 1036 1638 1226 1720; x_wconf 77' lang='lat' dir='ltr'><strong>spissioribus</strong></span> <span class='ocrx_word' id='word_1_92' title='bbox 1244 1640 1371 1719; x_wconf 91' lang='lat' dir='ltr'><strong>pellibus</strong></span> <span class='ocrx_word' id='word_1_93' title='bbox 1391 1640 1534 1704; x_wconf 87' lang='lat' dir='ltr'><strong>utebamr</strong></span> <span class='ocrx_word' id='word_1_94' title='bbox 1617 1720 1619 1724; x_wconf 11' lang='grc' dir='ltr'><em>Α</em></span> 
     </span>
     <span class='ocr_line' id='line_1_12' title="bbox 258 1750 1527 1838; baseline -0.001 -19"><span class='ocrx_word' id='word_1_95' title='bbox 258 1755 348 1820; x_wconf 90' lang='lat' dir='ltr'><strong>domi.</strong></span> <span class='ocrx_word' id='word_1_96' title='bbox 378 1757 513 1836; x_wconf 85' lang='lat' dir='ltr'><strong>Excepto</strong></span> <span class='ocrx_word' id='word_1_97' title='bbox 532 1757 632 1820; x_wconf 90' lang='lat' dir='ltr'><strong>luctus</strong></span> <span class='ocrx_word' id='word_1_98' title='bbox 650 1762 795 1835; x_wconf 84' lang='lat' dir='ltr'><strong>tenpore,</strong></span> <span class='ocrx_word' id='word_1_99' title='bbox 813 1753 889 1818; x_wconf 84' lang='lat' dir='ltr'><strong>nibil</strong></span> <span class='ocrx_word' id='word_1_100' title='bbox 905 1754 989 1833; x_wconf 82' lang='lat' dir='ltr'><strong>quod</strong></span> <span class='ocrx_word' id='word_1_101' title='bbox 1008 1752 1159 1818; x_wconf 86' lang='lat' dir='ltr'><strong>omitteret</strong></span> <span class='ocrx_word' id='word_1_102' title='bbox 1172 1768 1254 1817; x_wconf 82' lang='lat' dir='ltr'><strong>rone</strong></span> <span class='ocrx_word' id='word_1_103' title='bbox 1265 1753 1449 1834; x_wconf 86' lang='lat' dir='ltr'><strong>suspendere</strong></span> <span class='ocrx_word' id='word_1_104' title='bbox 1471 1750 1527 1838; x_wconf 79' lang='lat'><strong>(5).</strong></span> 
     </span>
     <span class='ocr_line' id='line_1_13' title="bbox 255 1862 1532 1950; baseline -0.002 -17"><span class='ocrx_word' id='word_1_105' title='bbox 255 1868 319 1934; x_wconf 90' lang='lat' dir='ltr'><strong>Nisi</strong></span> <span class='ocrx_word' id='word_1_106' title='bbox 334 1876 419 1935; x_wconf 84' lang='lat' dir='ltr'><strong>esset</strong></span> <span class='ocrx_word' id='word_1_107' title='bbox 428 1870 571 1934; x_wconf 90' lang='lat' dir='ltr'><strong>sinuosus</strong></span> <span class='ocrx_word' id='word_1_108' title='bbox 585 1869 687 1946; x_wconf 90' lang='lat' dir='ltr'><strong>limus,</strong></span> <span class='ocrx_word' id='word_1_109' title='bbox 700 1868 802 1949; x_wconf 87' lang='lat' dir='ltr'><strong>utique</strong></span> <span class='ocrx_word' id='word_1_110' title='bbox 812 1867 926 1932; x_wconf 88' lang='lat' dir='ltr'><strong>suturis</strong></span> <span class='ocrx_word' id='word_1_111' title='bbox 934 1866 1174 1949; x_wconf 75' lang='lat' dir='ltr'><strong>distinguebatur</strong></span> <span class='ocrx_word' id='word_1_112' title='bbox 1185 1862 1239 1950; x_wconf 88' lang='grc'>(6).</span> <span class='ocrx_word' id='word_1_113' title='bbox 1261 1865 1382 1950; x_wconf 68' lang='grc' dir='ltr'><strong>(μίηο</strong></span> <span class='ocrx_word' id='word_1_114' title='bbox 1397 1867 1532 1931; x_wconf 89' lang='lat' dir='ltr'><strong>rhenonc</strong></span> 
     </span>
     <span class='ocr_line' id='line_1_14' title="bbox 251 1978 1532 2065; baseline -0.002 -19"><span class='ocrx_word' id='word_1_115' title='bbox 251 1982 404 2065; x_wconf 80' lang='lat' dir='ltr'><strong>nigroque</strong></span> <span class='ocrx_word' id='word_1_116' title='bbox 425 1983 505 2064; x_wconf 89' lang='lat' dir='ltr'><strong>pileo</strong></span> <span class='ocrx_word' id='word_1_117' title='bbox 520 1998 581 2047; x_wconf 93' lang='lat' dir='ltr'><strong>non</strong></span> <span class='ocrx_word' id='word_1_118' title='bbox 597 1981 736 2046; x_wconf 86' lang='lat' dir='ltr'><strong>utebatur</strong></span> <span class='ocrx_word' id='word_1_119' title='bbox 749 1981 787 2046; x_wconf 88' lang='lat' dir='ltr'><strong>ad</strong></span> <span class='ocrx_word' id='word_1_120' title='bbox 809 1980 937 2063; x_wconf 77' lang='lat' dir='ltr'><strong>lugubre</strong></span> <span class='ocrx_word' id='word_1_121' title='bbox 952 1978 1091 2044; x_wconf 80' lang='lat' dir='ltr'><strong>otidum.</strong></span> <span class='ocrx_word' id='word_1_122' title='bbox 1114 1980 1196 2045; x_wconf 88' lang='lat' dir='ltr'><strong>Nova</strong></span> <span class='ocrx_word' id='word_1_123' title='bbox 1212 1980 1283 2043; x_wconf 88' lang='lat' dir='ltr'><strong>luna</strong></span> <span class='ocrx_word' id='word_1_124' title='bbox 1297 1980 1419 2044; x_wconf 89' lang='lat' dir='ltr'><strong>omnino</strong></span> <span class='ocrx_word' id='word_1_125' title='bbox 1433 1980 1532 2044; x_wconf 89' lang='lat' dir='ltr'><strong>aulica</strong></span> 
     </span>
    </p>
   </div>
   <div class='ocr_carea' id='block_1_4' title="bbox 251 2475 1533 4822">
    <p class='ocr_par' dir='ltr' id='par_1_5' title="bbox 252 2475 1533 2780">
     <span class='ocr_line' id='line_1_15' title="bbox 252 2475 1531 2555; baseline -0.002 -17"><span class='ocrx_word' id='word_1_126' title='bbox 252 2477 490 2555; x_wconf 72' lang='lat' dir='ltr'><strong>deserendumque</strong></span> <span class='ocrx_word' id='word_1_127' title='bbox 503 2494 640 2538; x_wconf 80' lang='lat' dir='ltr'><strong>manuum</strong></span> <span class='ocrx_word' id='word_1_128' title='bbox 653 2483 757 2550; x_wconf 88' lang='lat' dir='ltr'><strong>motus,</strong></span> <span class='ocrx_word' id='word_1_129' title='bbox 768 2485 798 2537; x_wconf 85' lang='lat' dir='ltr'><strong>et</strong></span> <span class='ocrx_word' id='word_1_130' title='bbox 808 2477 848 2538; x_wconf 86' lang='lat' dir='ltr'><strong>sic</strong></span> <span class='ocrx_word' id='word_1_131' title='bbox 858 2486 965 2537; x_wconf 81' lang='lat' dir='ltr'><strong>tessere</strong></span> <span class='ocrx_word' id='word_1_132' title='bbox 976 2476 1082 2538; x_wconf 83' lang='lat' dir='ltr'><strong>sensim</strong></span> <span class='ocrx_word' id='word_1_133' title='bbox 1091 2475 1259 2537; x_wconf 82' lang='lat' dir='ltr'><strong>elevabatur</strong></span> <span class='ocrx_word' id='word_1_134' title='bbox 1267 2483 1297 2537; x_wconf 88' lang='lat' dir='ltr'><strong>et</strong></span> <span class='ocrx_word' id='word_1_135' title='bbox 1306 2476 1531 2554; x_wconf 79' lang='lat' dir='ltr'><strong>demittebatur3</strong></span> 
     </span>
     <span class='ocr_line' id='line_1_16' title="bbox 256 2589 1533 2669; baseline 0 -19"><span class='ocrx_word' id='word_1_136' title='bbox 256 2599 289 2651; x_wconf 86' lang='lat' dir='ltr'><strong>at</strong></span> <span class='ocrx_word' id='word_1_137' title='bbox 299 2611 355 2650; x_wconf 85' lang='lat' dir='ltr'><strong>nee</strong></span> <span class='ocrx_word' id='word_1_138' title='bbox 366 2591 456 2651; x_wconf 87' lang='lat' dir='ltr'><strong>nimis</strong></span> <span class='ocrx_word' id='word_1_139' title='bbox 470 2589 528 2651; x_wconf 86' lang='lat' dir='ltr'><strong>alte</strong></span> <span class='ocrx_word' id='word_1_140' title='bbox 541 2610 593 2650; x_wconf 84' lang='lat' dir='ltr'><strong>nee</strong></span> <span class='ocrx_word' id='word_1_141' title='bbox 606 2590 727 2651; x_wconf 88' lang='lat' dir='ltr'><strong>demisse</strong></span> <span class='ocrx_word' id='word_1_142' title='bbox 742 2589 834 2663; x_wconf 83' lang='lat' dir='ltr'><strong>nimis,</strong></span> <span class='ocrx_word' id='word_1_143' title='bbox 849 2592 898 2651; x_wconf 91' lang='lat' dir='ltr'><strong>sed</strong></span> <span class='ocrx_word' id='word_1_144' title='bbox 911 2591 949 2650; x_wconf 81' lang='lat' dir='ltr'><strong>ed</strong></span> <span class='ocrx_word' id='word_1_145' title='bbox 961 2590 1088 2663; x_wconf 83' lang='lat' dir='ltr'><strong>modurn,</strong></span> <span class='ocrx_word' id='word_1_146' title='bbox 1108 2610 1166 2669; x_wconf 91' lang='lat' dir='ltr'><strong>quo</strong></span> <span class='ocrx_word' id='word_1_147' title='bbox 1181 2590 1258 2652; x_wconf 78' lang='lat' dir='ltr'><strong>sinae</strong></span> <span class='ocrx_word' id='word_1_148' title='bbox 1269 2590 1475 2651; x_wconf 84' lang='lat' dir='ltr'><strong>salutationem</strong></span> <span class='ocrx_word' id='word_1_149' title='bbox 1488 2591 1533 2650; x_wconf 81' lang='lat' dir='ltr'><strong>fa·</strong></span> 
     </span>
     <span class='ocr_line' id='line_1_17' title="bbox 259 2702 929 2780; baseline -0.003 -17"><span class='ocrx_word' id='word_1_150' title='bbox 259 2723 330 2777; x_wconf 87' lang='lat' dir='ltr'><strong>cere,</strong></span> <span class='ocrx_word' id='word_1_151' title='bbox 345 2704 391 2764; x_wconf 85' lang='lat' dir='ltr'><strong>vel</strong></span> <span class='ocrx_word' id='word_1_152' title='bbox 404 2702 516 2780; x_wconf 83' lang='lat' dir='ltr'><strong>aliquid</strong></span> <span class='ocrx_word' id='word_1_153' title='bbox 527 2712 690 2764; x_wconf 77' lang='lat' dir='ltr'><strong>reverenter</strong></span> <span class='ocrx_word' id='word_1_154' title='bbox 703 2703 814 2764; x_wconf 84' lang='lat' dir='ltr'><strong>tradere</strong></span> <span class='ocrx_word' id='word_1_155' title='bbox 827 2703 929 2765; x_wconf 83' lang='lat' dir='ltr'><strong>solent.</strong></span> 
     </span>
    </p>

    <p class='ocr_par' dir='ltr' id='par_1_6' title="bbox 263 2789 1530 3687">
     <span class='ocr_line' id='line_1_18' title="bbox 300 2789 1530 2892; baseline 0 -16"><span class='ocrx_word' id='word_1_156' title='bbox 300 2806 345 2887; x_wconf 77' lang='grc'><strong>(2)</strong></span> <span class='ocrx_word' id='word_1_157' title='bbox 364 2789 424 2890; x_wconf 52' lang='lat' dir='ltr'><strong>ff,</strong></span> <span class='ocrx_word' id='word_1_158' title='bbox 439 2816 543 2877; x_wconf 90' lang='lat' dir='ltr'><strong>limbus</strong></span> <span class='ocrx_word' id='word_1_159' title='bbox 557 2834 663 2876; x_wconf 86' lang='lat' dir='ltr'><strong>ornans</strong></span> <span class='ocrx_word' id='word_1_160' title='bbox 675 2817 761 2876; x_wconf 85' lang='lat' dir='ltr'><strong>restis</strong></span> <span class='ocrx_word' id='word_1_161' title='bbox 774 2816 886 2891; x_wconf 86' lang='lat' dir='ltr'><strong>collare,</strong></span> <span class='ocrx_word' id='word_1_162' title='bbox 900 2816 1042 2880; x_wconf 83' lang='lat' dir='ltr'><strong>violaceus</strong></span> <span class='ocrx_word' id='word_1_163' title='bbox 1055 2817 1086 2877; x_wconf 92' lang='lat' dir='ltr'><strong>in</strong></span> <span class='ocrx_word' id='word_1_164' title='bbox 1099 2824 1186 2892; x_wconf 85' lang='lat' dir='ltr'><strong>casto,</strong></span> <span class='ocrx_word' id='word_1_165' title='bbox 1207 2817 1362 2878; x_wconf 80' lang='lat' dir='ltr'><strong>colossinus</strong></span> <span class='ocrx_word' id='word_1_166' title='bbox 1375 2817 1406 2875; x_wconf 90' lang='lat' dir='ltr'><strong>in</strong></span> <span class='ocrx_word' id='word_1_167' title='bbox 1419 2816 1530 2891; x_wconf 82' lang='lat' dir='ltr'><strong>funere,</strong></span> 
     </span>
     <span class='ocr_line' id='line_1_19' title="bbox 263 2928 1530 3010; baseline 0.002 -23"><span class='ocrx_word' id='word_1_168' title='bbox 263 2948 318 2989; x_wconf 90' lang='lat' dir='ltr'><strong>non</strong></span> <span class='ocrx_word' id='word_1_169' title='bbox 329 2937 392 2990; x_wconf 83' lang='lat' dir='ltr'><strong>erut</strong></span> <span class='ocrx_word' id='word_1_170' title='bbox 401 2928 537 2990; x_wconf 82' lang='lat' dir='ltr'><strong>ordinarii</strong></span> <span class='ocrx_word' id='word_1_171' title='bbox 548 2947 625 2990; x_wconf 88' lang='lat' dir='ltr'><strong>usus.</strong></span> <span class='ocrx_word' id='word_1_172' title='bbox 649 2928 735 2989; x_wconf 84' lang='lat' dir='ltr'><strong>Color</strong></span> <span class='ocrx_word' id='word_1_173' title='bbox 746 2931 830 2991; x_wconf 87' lang='lat' dir='ltr'><strong>ruber</strong></span> <span class='ocrx_word' id='word_1_174' title='bbox 842 2938 873 2989; x_wconf 90' lang='lat' dir='ltr'><strong>et</strong></span> <span class='ocrx_word' id='word_1_175' title='bbox 885 2949 1038 3009; x_wconf 87' lang='lat' dir='ltr'><strong>purpureus</strong></span> <span class='ocrx_word' id='word_1_176' title='bbox 1047 2938 1090 2992; x_wconf 89' lang='lat' dir='ltr'><strong>est</strong></span> <span class='ocrx_word' id='word_1_177' title='bbox 1100 2929 1271 2990; x_wconf 77' lang='lat' dir='ltr'><strong>mulierculis</strong></span> <span class='ocrx_word' id='word_1_178' title='bbox 1284 2930 1422 3010; x_wconf 83' lang='lat' dir='ltr'><strong>proprius,</strong></span> <span class='ocrx_word' id='word_1_179' title='bbox 1435 2947 1530 3006; x_wconf 78' lang='lat' dir='ltr'><strong>rusque</strong></span> 
     </span>
     <span class='ocr_line' id='line_1_20' title="bbox 265 3016 1529 3122; baseline 0.002 -20"><span class='ocrx_word' id='word_1_180' title='bbox 265 3034 426 3120; x_wconf 82' lang='lat' dir='ltr'><strong>ceteroquin</strong></span> <span class='ocrx_word' id='word_1_181' title='bbox 439 3025 589 3120; x_wconf 79' lang='lat' dir='ltr'><strong>genuinus.</strong></span> <span class='ocrx_word' id='word_1_182' title='bbox 620 3042 755 3103; x_wconf 84' lang='lat' dir='ltr'><strong>Sinenses</strong></span> <span class='ocrx_word' id='word_1_183' title='bbox 768 3043 854 3116; x_wconf 87' lang='lat' dir='ltr'><strong>enim,</strong></span> <span class='ocrx_word' id='word_1_184' title='bbox 867 3044 913 3104; x_wconf 89' lang='lat' dir='ltr'><strong>uti</strong></span> <span class='ocrx_word' id='word_1_185' title='bbox 925 3045 1062 3122; x_wconf 80' lang='lat' dir='ltr'><strong>gemninos</strong></span> <span class='ocrx_word' id='word_1_186' title='bbox 1078 3027 1119 3104; x_wconf 77' lang='grc' dir='ltr'><strong>ῙΕ</strong></span> <span class='ocrx_word' id='word_1_187' title='bbox 1140 3019 1307 3117; x_wconf 53' lang='lat' dir='ltr'><strong>dhanene,</strong></span> <span class='ocrx_word' id='word_1_188' title='bbox 1326 3042 1452 3102; x_wconf 79' lang='lat' dir='ltr'><strong>indicum</strong></span> <span class='ocrx_word' id='word_1_189' title='bbox 1465 3016 1507 3105; x_wconf 53' lang='lat' dir='ltr'><strong>ff</strong></span> <span class='ocrx_word' id='word_1_190' title='bbox 1520 3085 1529 3116; x_wconf 89' lang='lat'><strong><em>‚</em></strong></span> 
     </span>
     <span class='ocr_line' id='line_1_21' title="bbox 266 3127 1528 3246; baseline 0 -32"><span class='ocrx_word' id='word_1_191' title='bbox 266 3154 369 3214; x_wconf 80' lang='lat' dir='ltr'><strong>flavum</strong></span> <span class='ocrx_word' id='word_1_192' title='bbox 381 3129 439 3227; x_wconf 64' lang='grc' dir='ltr'><strong>Ῑ,</strong></span> <span class='ocrx_word' id='word_1_193' title='bbox 452 3155 640 3215; x_wconf 88' lang='lat' dir='ltr'><strong>rubicundum</strong></span> <span class='ocrx_word' id='word_1_194' title='bbox 654 3127 712 3229; x_wconf 65' lang='lat' dir='ltr'><strong>dl»,</strong></span> <span class='ocrx_word' id='word_1_195' title='bbox 726 3155 822 3218; x_wconf 82' lang='lat' dir='ltr'><strong>elbum</strong></span> <span class='ocrx_word' id='word_1_196' title='bbox 840 3133 893 3232; x_wconf 59' lang='grc' dir='ltr'><strong>ἕ,</strong></span> <span class='ocrx_word' id='word_1_197' title='bbox 908 3158 1021 3246; x_wconf 66' lang='lat' dir='ltr'><strong>nigrum</strong></span> <span class='ocrx_word' id='word_1_198' title='bbox 1035 3133 1093 3234; x_wconf 49' lang='grc' dir='ltr'><strong>ἧς</strong></span> <span class='ocrx_word' id='word_1_199' title='bbox 1106 3158 1151 3215; x_wconf 90' lang='lat' dir='ltr'><strong>uti</strong></span> <span class='ocrx_word' id='word_1_200' title='bbox 1161 3157 1333 3234; x_wconf 84' lang='lat' dir='ltr'><strong>compositos</strong></span> <span class='ocrx_word' id='word_1_201' title='bbox 1347 3131 1384 3217; x_wconf 59' lang='grc' dir='ltr'><strong>Μ</strong></span> <span class='ocrx_word' id='word_1_202' title='bbox 1402 3131 1528 3229; x_wconf 61' lang='lat' dir='ltr'><strong>ficere,</strong></span> 
     </span>
     <span class='ocr_line' id='line_1_22' title="bbox 266 3241 1530 3348; baseline 0.002 -22"><span class='ocrx_word' id='word_1_203' title='bbox 266 3266 381 3328; x_wconf 82' lang='lat' dir='ltr'><strong>viridem</strong></span> <span class='ocrx_word' id='word_1_204' title='bbox 396 3243 438 3330; x_wconf 48' lang='lat' dir='ltr'>ff</span> <span class='ocrx_word' id='word_1_205' title='bbox 452 3287 489 3328; x_wconf 85' lang='lat' dir='ltr'><strong>ex</strong></span> <span class='ocrx_word' id='word_1_206' title='bbox 509 3268 603 3328; x_wconf 87' lang='lat' dir='ltr'><strong>indico</strong></span> <span class='ocrx_word' id='word_1_207' title='bbox 618 3276 647 3328; x_wconf 90' lang='lat' dir='ltr'><strong>et</strong></span> <span class='ocrx_word' id='word_1_208' title='bbox 660 3267 752 3348; x_wconf 81' lang='lat' dir='ltr'><strong>flav03</strong></span> <span class='ocrx_word' id='word_1_209' title='bbox 771 3269 924 3330; x_wconf 87' lang='lat' dir='ltr'><strong>coeruleum</strong></span> <span class='ocrx_word' id='word_1_210' title='bbox 939 3247 980 3332; x_wconf 60' lang='grc' dir='ltr'>ἕ</span> <span class='ocrx_word' id='word_1_211' title='bbox 996 3289 1033 3330; x_wconf 86' lang='lat' dir='ltr'><strong>ex</strong></span> <span class='ocrx_word' id='word_1_212' title='bbox 1050 3269 1143 3329; x_wconf 89' lang='lat' dir='ltr'><strong>indico</strong></span> <span class='ocrx_word' id='word_1_213' title='bbox 1156 3277 1187 3328; x_wconf 91' lang='lat' dir='ltr'><strong>et</strong></span> <span class='ocrx_word' id='word_1_214' title='bbox 1200 3267 1286 3345; x_wconf 81' lang='lat' dir='ltr'><strong>alb03</strong></span> <span class='ocrx_word' id='word_1_215' title='bbox 1304 3268 1420 3330; x_wconf 86' lang='lat' dir='ltr'><strong>rubrum</strong></span> <span class='ocrx_word' id='word_1_216' title='bbox 1433 3241 1478 3328; x_wconf 58' lang='lat' dir='ltr'>ff</span> <span class='ocrx_word' id='word_1_217' title='bbox 1491 3287 1530 3328; x_wconf 85' lang='lat' dir='ltr'><strong>ex</strong></span> 
     </span>
     <span class='ocr_line' id='line_1_23' title="bbox 266 3357 1528 3461; baseline 0.002 -22"><span class='ocrx_word' id='word_1_218' title='bbox 266 3380 420 3440; x_wconf 87' lang='lat' dir='ltr'><strong>rubicundo</strong></span> <span class='ocrx_word' id='word_1_219' title='bbox 433 3389 462 3442; x_wconf 84' lang='lat' dir='ltr'><strong>et</strong></span> <span class='ocrx_word' id='word_1_220' title='bbox 475 3380 561 3458; x_wconf 84' lang='lat' dir='ltr'><strong>albo3</strong></span> <span class='ocrx_word' id='word_1_221' title='bbox 575 3398 754 3460; x_wconf 86' lang='lat' dir='ltr'><strong>purpureum,</strong></span> <span class='ocrx_word' id='word_1_222' title='bbox 768 3382 934 3461; x_wconf 86' lang='lat' dir='ltr'><strong>pressiorem</strong></span> <span class='ocrx_word' id='word_1_223' title='bbox 948 3380 1105 3443; x_wconf 82' lang='lat' dir='ltr'><strong>violaceum</strong></span> <span class='ocrx_word' id='word_1_224' title='bbox 1120 3357 1208 3444; x_wconf 55' lang='lat' dir='ltr'><strong>ssex</strong></span> <span class='ocrx_word' id='word_1_225' title='bbox 1218 3381 1376 3442; x_wconf 87' lang='lat' dir='ltr'><strong>rubicundo</strong></span> <span class='ocrx_word' id='word_1_226' title='bbox 1386 3390 1416 3441; x_wconf 90' lang='lat' dir='ltr'><strong>et</strong></span> <span class='ocrx_word' id='word_1_227' title='bbox 1426 3381 1528 3460; x_wconf 80' lang='lat' dir='ltr'><strong>nigr03</strong></span> 
     </span>
     <span class='ocr_line' id='line_1_24' title="bbox 265 3469 1530 3573; baseline 0.002 -21"><span class='ocrx_word' id='word_1_228' title='bbox 265 3501 404 3570; x_wconf 76' lang='lat' dir='ltr'><strong>myrtem</strong></span> <span class='ocrx_word' id='word_1_229' title='bbox 421 3471 461 3552; x_wconf 51' lang='grc' dir='ltr'><strong>ἦ</strong></span> <span class='ocrx_word' id='word_1_230' title='bbox 477 3512 515 3553; x_wconf 83' lang='lat' dir='ltr'><strong>ex</strong></span> <span class='ocrx_word' id='word_1_231' title='bbox 529 3493 605 3555; x_wconf 78' lang='lat' dir='ltr'><strong>flauo</strong></span> <span class='ocrx_word' id='word_1_232' title='bbox 618 3503 648 3555; x_wconf 90' lang='lat' dir='ltr'><strong>et</strong></span> <span class='ocrx_word' id='word_1_233' title='bbox 661 3496 752 3572; x_wconf 75' lang='lat' dir='ltr'><strong>nigro.</strong></span> <span class='ocrx_word' id='word_1_234' title='bbox 772 3493 958 3556; x_wconf 85' lang='lat' dir='ltr'><strong>Rubicundus</strong></span> <span class='ocrx_word' id='word_1_235' title='bbox 971 3515 1048 3573; x_wconf 80' lang='lat' dir='ltr'><strong>ergo,</strong></span> <span class='ocrx_word' id='word_1_236' title='bbox 1068 3494 1134 3556; x_wconf 87' lang='lat' dir='ltr'><strong>albo</strong></span> <span class='ocrx_word' id='word_1_237' title='bbox 1147 3514 1285 3573; x_wconf 88' lang='lat' dir='ltr'><strong>aspersus,</strong></span> <span class='ocrx_word' id='word_1_238' title='bbox 1299 3469 1362 3567; x_wconf 50' lang='grc' dir='ltr'><strong>ἧς</strong></span> <span class='ocrx_word' id='word_1_239' title='bbox 1378 3493 1444 3554; x_wconf 89' lang='lat' dir='ltr'><strong>albo</strong></span> <span class='ocrx_word' id='word_1_240' title='bbox 1458 3473 1530 3555; x_wconf 68' lang='grc' dir='ltr'><strong>(υωῖ</strong></span> 
     </span>
     <span class='ocr_line' id='line_1_25' title="bbox 264 3579 1393 3687; baseline 0.004 -21"><span class='ocrx_word' id='word_1_241' title='bbox 264 3614 382 3685; x_wconf 80' lang='lat' dir='ltr'><strong>perator,</strong></span> <span class='ocrx_word' id='word_1_242' title='bbox 398 3579 460 3685; x_wconf 42' lang='grc' dir='ltr'><strong>(ᾗ</strong></span> <span class='ocrx_word' id='word_1_243' title='bbox 476 3608 571 3667; x_wconf 86' lang='lat' dir='ltr'><strong>indies</strong></span> <span class='ocrx_word' id='word_1_244' title='bbox 584 3607 702 3682; x_wconf 84' lang='lat' dir='ltr'><strong>mixtus,</strong></span> <span class='ocrx_word' id='word_1_245' title='bbox 717 3583 761 3667; x_wconf 70' lang='lat' dir='ltr'><strong>llll</strong></span> <span class='ocrx_word' id='word_1_246' title='bbox 771 3633 780 3687; x_wconf 80' lang='lat'>3</span> <span class='ocrx_word' id='word_1_247' title='bbox 793 3610 823 3668; x_wconf 92' lang='lat' dir='ltr'><strong>in</strong></span> <span class='ocrx_word' id='word_1_248' title='bbox 839 3607 945 3668; x_wconf 83' lang='lat' dir='ltr'><strong>violam</strong></span> <span class='ocrx_word' id='word_1_249' title='bbox 959 3618 1010 3668; x_wconf 85' lang='lat' dir='ltr'><strong>aut</strong></span> <span class='ocrx_word' id='word_1_250' title='bbox 1023 3609 1054 3669; x_wconf 90' lang='lat' dir='ltr'><strong>in</strong></span> <span class='ocrx_word' id='word_1_251' title='bbox 1067 3608 1179 3669; x_wconf 79' lang='lat' dir='ltr'><strong>luscum</strong></span> <span class='ocrx_word' id='word_1_252' title='bbox 1192 3626 1320 3687; x_wconf 77' lang='lat' dir='ltr'><strong>vergens,</strong></span> <span class='ocrx_word' id='word_1_253' title='bbox 1337 3583 1393 3670; x_wconf 43' lang='grc' dir='ltr'><strong>ἢ.</strong></span> 
     </span>
    </p>

    <p class='ocr_par' dir='ltr' id='par_1_7' title="bbox 299 3709 1064 3801">
     <span class='ocr_line' id='line_1_26' title="bbox 299 3709 1064 3801; baseline 0.001 -21"><span class='ocrx_word' id='word_1_254' title='bbox 299 3709 346 3791; x_wconf 76' lang='lat' dir='ltr'><strong>(b)</strong></span> <span class='ocrx_word' id='word_1_255' title='bbox 363 3720 491 3793; x_wconf 80' lang='lat' dir='ltr'><strong>AEstute,</strong></span> <span class='ocrx_word' id='word_1_256' title='bbox 503 3720 603 3781; x_wconf 87' lang='lat' dir='ltr'><strong>ruriori</strong></span> <span class='ocrx_word' id='word_1_257' title='bbox 617 3720 689 3780; x_wconf 82' lang='lat' dir='ltr'><strong>vesti</strong></span> <span class='ocrx_word' id='word_1_258' title='bbox 700 3721 865 3783; x_wconf 86' lang='lat' dir='ltr'><strong>interiorem</strong></span> <span class='ocrx_word' id='word_1_259' title='bbox 878 3723 1064 3801; x_wconf 85' lang='lat' dir='ltr'><strong>supponebat.</strong></span> 
     </span>
    </p>

    <p class='ocr_par' dir='ltr' id='par_1_8' title="bbox 261 3823 1526 4140">
     <span class='ocr_line' id='line_1_27' title="bbox 299 3823 1526 3915; baseline 0.004 -23"><span class='ocrx_word' id='word_1_260' title='bbox 299 3823 349 3902; x_wconf 80' lang='grc'><strong>(4)</strong></span> <span class='ocrx_word' id='word_1_261' title='bbox 367 3831 410 3894; x_wconf 88' lang='lat' dir='ltr'><strong>Ut</strong></span> <span class='ocrx_word' id='word_1_262' title='bbox 424 3832 505 3912; x_wconf 82' lang='lat' dir='ltr'><strong>pellis</strong></span> <span class='ocrx_word' id='word_1_263' title='bbox 526 3832 612 3907; x_wconf 91' lang='lat' dir='ltr'><strong>color,</strong></span> <span class='ocrx_word' id='word_1_264' title='bbox 633 3834 720 3894; x_wconf 78' lang='lat' dir='ltr'><strong>vestis</strong></span> <span class='ocrx_word' id='word_1_265' title='bbox 742 3836 830 3896; x_wconf 84' lang='lat' dir='ltr'><strong>colori</strong></span> <span class='ocrx_word' id='word_1_266' title='bbox 849 3835 1039 3914; x_wconf 85' lang='lat' dir='ltr'><strong>responderet,</strong></span> <span class='ocrx_word' id='word_1_267' title='bbox 1054 3854 1106 3914; x_wconf 90' lang='lat' dir='ltr'><strong>pre</strong></span> <span class='ocrx_word' id='word_1_268' title='bbox 1119 3833 1186 3894; x_wconf 76' lang='lat' dir='ltr'><strong>sule</strong></span> <span class='ocrx_word' id='word_1_269' title='bbox 1198 3834 1274 3913; x_wconf 83' lang='lat' dir='ltr'><strong>nigri</strong></span> <span class='ocrx_word' id='word_1_270' title='bbox 1288 3834 1357 3913; x_wconf 76' lang='lat' dir='ltr'><strong>agui</strong></span> <span class='ocrx_word' id='word_1_271' title='bbox 1369 3832 1460 3912; x_wconf 89' lang='lat' dir='ltr'><strong>pellis,</strong></span> <span class='ocrx_word' id='word_1_272' title='bbox 1473 3855 1526 3915; x_wconf 92' lang='lat' dir='ltr'><strong>pro</strong></span> 
     </span>
     <span class='ocr_line' id='line_1_28' title="bbox 261 3943 1526 4027; baseline 0.005 -22"><span class='ocrx_word' id='word_1_273' title='bbox 261 3943 452 4024; x_wconf 80' lang='lat' dir='ltr'><strong>legationibus</strong></span> <span class='ocrx_word' id='word_1_274' title='bbox 466 3944 531 4008; x_wconf 82' lang='lat' dir='ltr'><strong>elba</strong></span> <span class='ocrx_word' id='word_1_275' title='bbox 544 3944 674 4007; x_wconf 86' lang='lat' dir='ltr'><strong>hinnulei</strong></span> <span class='ocrx_word' id='word_1_276' title='bbox 695 3945 784 4024; x_wconf 82' lang='lat' dir='ltr'><strong>pellis,</strong></span> <span class='ocrx_word' id='word_1_277' title='bbox 798 3966 850 4026; x_wconf 90' lang='lat' dir='ltr'><strong>pro</strong></span> <span class='ocrx_word' id='word_1_278' title='bbox 861 3948 995 4008; x_wconf 80' lang='lat' dir='ltr'><strong>sacrificio</strong></span> <span class='ocrx_word' id='word_1_279' title='bbox 1016 3948 1091 4007; x_wconf 78' lang='lat' dir='ltr'><strong>lissa</strong></span> <span class='ocrx_word' id='word_1_280' title='bbox 1111 3949 1200 4027; x_wconf 83' lang='lat' dir='ltr'><strong>vulpis</strong></span> <span class='ocrx_word' id='word_1_281' title='bbox 1221 3947 1302 4027; x_wconf 85' lang='lat' dir='ltr'><strong>pellis</strong></span> <span class='ocrx_word' id='word_1_282' title='bbox 1315 3946 1504 4008; x_wconf 74' lang='lat' dir='ltr'><strong>metuebatur</strong></span> <span class='ocrx_word' id='word_1_283' title='bbox 1518 3972 1526 4011; x_wconf 81' lang='lat' dir='ltr'><strong>r</strong></span> 
     </span>
     <span class='ocr_line' id='line_1_29' title="bbox 261 4059 1329 4140; baseline 0.002 -21"><span class='ocrx_word' id='word_1_284' title='bbox 261 4059 395 4119; x_wconf 75' lang='lat' dir='ltr'><strong>ordinarii</strong></span> <span class='ocrx_word' id='word_1_285' title='bbox 407 4059 542 4119; x_wconf 88' lang='lat' dir='ltr'><strong>rhenonis</strong></span> <span class='ocrx_word' id='word_1_286' title='bbox 554 4061 697 4120; x_wconf 73' lang='lat' dir='ltr'><strong>manicam</strong></span> <span class='ocrx_word' id='word_1_287' title='bbox 711 4060 907 4134; x_wconf 70' lang='lat' dir='ltr'><strong>contrahebat,</strong></span> <span class='ocrx_word' id='word_1_288' title='bbox 920 4062 959 4121; x_wconf 84' lang='lat' dir='ltr'><strong>sd</strong></span> <span class='ocrx_word' id='word_1_289' title='bbox 971 4062 1075 4140; x_wconf 80' lang='lat' dir='ltr'><strong>egendi</strong></span> <span class='ocrx_word' id='word_1_290' title='bbox 1088 4062 1329 4122; x_wconf 80' lang='lat' dir='ltr'><strong>commodituteun</strong></span> 
     </span>
    </p>

    <p class='ocr_par' dir='ltr' id='par_1_9' title="bbox 299 4164 1278 4254">
     <span class='ocr_line' id='line_1_30' title="bbox 299 4164 1278 4254; baseline 0.001 -21"><span class='ocrx_word' id='word_1_291' title='bbox 299 4164 344 4242; x_wconf 86' lang='grc'><strong>(5)</strong></span> <span class='ocrx_word' id='word_1_292' title='bbox 365 4172 505 4234; x_wconf 59' lang='lat' dir='ltr'><strong>&amp;mmm</strong></span> <span class='ocrx_word' id='word_1_293' title='bbox 516 4181 546 4232; x_wconf 86' lang='lat' dir='ltr'><strong>et</strong></span> <span class='ocrx_word' id='word_1_294' title='bbox 557 4173 711 4233; x_wconf 85' lang='lat' dir='ltr'><strong>eburneam</strong></span> <span class='ocrx_word' id='word_1_295' title='bbox 725 4174 870 4253; x_wconf 86' lang='lat' dir='ltr'><strong>cuspidem</strong></span> <span class='ocrx_word' id='word_1_296' title='bbox 884 4173 1014 4235; x_wconf 87' lang='lat' dir='ltr'><strong>solebant</strong></span> <span class='ocrx_word' id='word_1_297' title='bbox 1027 4174 1134 4235; x_wconf 78' lang='lat' dir='ltr'><strong>deferre</strong></span> <span class='ocrx_word' id='word_1_298' title='bbox 1147 4172 1278 4254; x_wconf 81' lang='lat' dir='ltr'><strong>pensiles.</strong></span> 
     </span>
    </p>

    <p class='ocr_par' dir='ltr' id='par_1_10' title="bbox 254 4275 1526 4708">
     <span class='ocr_line' id='line_1_31' title="bbox 297 4275 1526 4365; baseline 0.003 -20"><span class='ocrx_word' id='word_1_299' title='bbox 297 4275 343 4355; x_wconf 88' lang='grc'><strong>(6)</strong></span> <span class='ocrx_word' id='word_1_300' title='bbox 360 4286 398 4345; x_wconf 94' lang='lat' dir='ltr'><strong>In</strong></span> <span class='ocrx_word' id='word_1_301' title='bbox 412 4285 502 4346; x_wconf 82' lang='lat' dir='ltr'><strong>aulico</strong></span> <span class='ocrx_word' id='word_1_302' title='bbox 523 4286 702 4364; x_wconf 84' lang='lat' dir='ltr'><strong>secribsoque</strong></span> <span class='ocrx_word' id='word_1_303' title='bbox 715 4287 827 4360; x_wconf 65' lang='lat' dir='ltr'><strong>venun,</strong></span> <span class='ocrx_word' id='word_1_304' title='bbox 839 4288 899 4348; x_wconf 84' lang='lat' dir='ltr'><strong>ima</strong></span> <span class='ocrx_word' id='word_1_305' title='bbox 910 4298 940 4347; x_wconf 89' lang='lat' dir='ltr'><strong>et</strong></span> <span class='ocrx_word' id='word_1_306' title='bbox 952 4305 1065 4349; x_wconf 83' lang='lat' dir='ltr'><strong>summa</strong></span> <span class='ocrx_word' id='word_1_307' title='bbox 1077 4286 1140 4348; x_wconf 88' lang='lat' dir='ltr'><strong>limi</strong></span> <span class='ocrx_word' id='word_1_308' title='bbox 1152 4287 1355 4349; x_wconf 80' lang='lat' dir='ltr'><strong>oireumdmtio</strong></span> <span class='ocrx_word' id='word_1_309' title='bbox 1370 4307 1451 4365; x_wconf 86' lang='lat' dir='ltr'><strong>seque</strong></span> <span class='ocrx_word' id='word_1_310' title='bbox 1464 4309 1526 4349; x_wconf 85' lang='lat' dir='ltr'><strong>anr-</strong></span> 
     </span>
     <span class='ocr_line' id='line_1_32' title="bbox 257 4397 1524 4481; baseline 0.002 -20"><span class='ocrx_word' id='word_1_311' title='bbox 257 4397 305 4479; x_wconf 79' lang='lat' dir='ltr'><strong>pla</strong></span> <span class='ocrx_word' id='word_1_312' title='bbox 317 4398 448 4479; x_wconf 80' lang='lat' dir='ltr'><strong>patebat,</strong></span> <span class='ocrx_word' id='word_1_313' title='bbox 461 4397 512 4476; x_wconf 89' lang='lat' dir='ltr'><strong>qui</strong></span> <span class='ocrx_word' id='word_1_314' title='bbox 524 4400 606 4478; x_wconf 89' lang='lat' dir='ltr'><strong>proin</strong></span> <span class='ocrx_word' id='word_1_315' title='bbox 616 4400 654 4459; x_wconf 84' lang='lat' dir='ltr'><strong>ed</strong></span> <span class='ocrx_word' id='word_1_316' title='bbox 667 4399 759 4460; x_wconf 81' lang='lat' dir='ltr'><strong>latere</strong></span> <span class='ocrx_word' id='word_1_317' title='bbox 771 4402 939 4462; x_wconf 85' lang='lat' dir='ltr'><strong>constrictus</strong></span> <span class='ocrx_word' id='word_1_318' title='bbox 949 4401 979 4461; x_wconf 88' lang='lat' dir='ltr'><strong>in</strong></span> <span class='ocrx_word' id='word_1_319' title='bbox 988 4402 1065 4461; x_wconf 84' lang='lat' dir='ltr'><strong>sinus</strong></span> <span class='ocrx_word' id='word_1_320' title='bbox 1078 4401 1116 4462; x_wconf 88' lang='lat' dir='ltr'><strong>ad</strong></span> <span class='ocrx_word' id='word_1_321' title='bbox 1127 4401 1258 4481; x_wconf 83' lang='lat' dir='ltr'><strong>eonopoei</strong></span> <span class='ocrx_word' id='word_1_322' title='bbox 1271 4401 1362 4461; x_wconf 87' lang='lat' dir='ltr'><strong>instar</strong></span> <span class='ocrx_word' id='word_1_323' title='bbox 1375 4402 1524 4479; x_wconf 76' lang='lat' dir='ltr'><strong>agebatur,</strong></span> 
     </span>
     <span class='ocr_line' id='line_1_33' title="bbox 257 4485 1526 4593; baseline 0.002 -21"><span class='ocrx_word' id='word_1_324' title='bbox 257 4513 385 4592; x_wconf 71' lang='lat' dir='ltr'><strong>adeoque</strong></span> <span class='ocrx_word' id='word_1_325' title='bbox 401 4486 444 4573; x_wconf 51' lang='lat' dir='ltr'>st</span> <span class='ocrx_word' id='word_1_326' title='bbox 458 4485 501 4573; x_wconf 42' lang='grc' dir='ltr'><em>ἓ</em></span> <span class='ocrx_word' id='word_1_327' title='bbox 513 4511 670 4592; x_wconf 78' lang='lat' dir='ltr'><strong>appellatus</strong></span> <span class='ocrx_word' id='word_1_328' title='bbox 684 4536 694 4575; x_wconf 77' lang='lat' dir='ltr'><strong>a</strong></span> <span class='ocrx_word' id='word_1_329' title='bbox 707 4512 772 4574; x_wconf 84' lang='lat' dir='ltr'><strong>vide</strong></span> <span class='ocrx_word' id='word_1_330' title='bbox 784 4511 911 4591; x_wconf 77' lang='lat' dir='ltr'><strong>figurem</strong></span> <span class='ocrx_word' id='word_1_331' title='bbox 933 4514 970 4573; x_wconf 93' lang='lat' dir='ltr'><strong>In</strong></span> <span class='ocrx_word' id='word_1_332' title='bbox 983 4515 1126 4576; x_wconf 71' lang='lat' dir='ltr'><strong>ordinario</strong></span> <span class='ocrx_word' id='word_1_333' title='bbox 1140 4516 1251 4586; x_wconf 82' lang='lat' dir='ltr'><strong>vestitu,</strong></span> <span class='ocrx_word' id='word_1_334' title='bbox 1273 4532 1386 4593; x_wconf 83' lang='lat' dir='ltr'><strong>pennus</strong></span> <span class='ocrx_word' id='word_1_335' title='bbox 1399 4515 1442 4574; x_wconf 82' lang='lat' dir='ltr'><strong>ite</strong></span> <span class='ocrx_word' id='word_1_336' title='bbox 1455 4514 1526 4575; x_wconf 87' lang='lat' dir='ltr'><strong>obli·</strong></span> 
     </span>
     <span class='ocr_line' id='line_1_34' title="bbox 254 4625 1522 4708; baseline 0 -19"><span class='ocrx_word' id='word_1_337' title='bbox 254 4647 310 4705; x_wconf 90' lang='lat' dir='ltr'><strong>que</strong></span> <span class='ocrx_word' id='word_1_338' title='bbox 323 4625 491 4706; x_wconf 79' lang='lat' dir='ltr'><strong>dispertitus</strong></span> <span class='ocrx_word' id='word_1_339' title='bbox 514 4626 688 4699; x_wconf 65' lang='lat' dir='ltr'><strong>cedebatur,</strong></span> <span class='ocrx_word' id='word_1_340' title='bbox 698 4635 731 4685; x_wconf 90' lang='lat' dir='ltr'><strong>ut</strong></span> <span class='ocrx_word' id='word_1_341' title='bbox 744 4646 858 4687; x_wconf 82' lang='lat' dir='ltr'><strong>sumum</strong></span> <span class='ocrx_word' id='word_1_342' title='bbox 869 4626 932 4687; x_wconf 86' lang='lat' dir='ltr'><strong>limi</strong></span> <span class='ocrx_word' id='word_1_343' title='bbox 944 4647 1067 4708; x_wconf 76' lang='lat' dir='ltr'><strong>oraprse</strong></span> <span class='ocrx_word' id='word_1_344' title='bbox 1077 4630 1139 4690; x_wconf 84' lang='lat' dir='ltr'><strong>ime</strong></span> <span class='ocrx_word' id='word_1_345' title='bbox 1157 4628 1276 4689; x_wconf 84' lang='lat' dir='ltr'><strong>dimidio</strong></span> <span class='ocrx_word' id='word_1_346' title='bbox 1287 4647 1374 4706; x_wconf 86' lang='lat' dir='ltr'><strong>prope</strong></span> <span class='ocrx_word' id='word_1_347' title='bbox 1386 4638 1459 4689; x_wconf 73' lang='lat' dir='ltr'><strong>emet</strong></span> <span class='ocrx_word' id='word_1_348' title='bbox 1471 4647 1522 4689; x_wconf 78' lang='lat' dir='ltr'><strong>eu·</strong></span> 
     </span>
    </p>

    <p class='ocr_par' dir='ltr' id='par_1_11' title="bbox 251 4738 927 4822">
     <span class='ocr_line' id='line_1_35' title="bbox 251 4738 927 4822; baseline -0.006 -19"><span class='ocrx_word' id='word_1_349' title='bbox 251 4742 375 4822; x_wconf 72' lang='lat' dir='ltr'><strong>gesuor,</strong></span> <span class='ocrx_word' id='word_1_350' title='bbox 389 4746 422 4801; x_wconf 89' lang='lat' dir='ltr'><strong>et</strong></span> <span class='ocrx_word' id='word_1_351' title='bbox 435 4738 473 4799; x_wconf 81' lang='lat' dir='ltr'><strong>sd</strong></span> <span class='ocrx_word' id='word_1_352' title='bbox 484 4738 577 4801; x_wconf 81' lang='lat' dir='ltr'><strong>lutere</strong></span> <span class='ocrx_word' id='word_1_353' title='bbox 588 4747 688 4801; x_wconf 76' lang='lat' dir='ltr'><strong>enimn</strong></span> <span class='ocrx_word' id='word_1_354' title='bbox 699 4740 927 4821; x_wconf 81' lang='lat' dir='ltr'><strong>distingueretur.</strong></span> 
     </span>
    </p>
   </div>
   <div class='ocr_carea' id='block_1_5' title="bbox 0 0 1871 5664">
    <p class='ocr_par' dir='ltr' id='par_1_12' title="bbox 0 0 1871 5664">
     <span class='ocr_line' id='line_1_36' title="bbox 0 0 1871 5664; baseline 0 0"><span class='ocrx_word' id='word_1_355' title='bbox 0 0 1871 5664; x_wconf 95' lang='lat' dir='ltr'><strong> </strong></span> 
     </span>
    </p>
   </div>
  </div>
 </body>
</html>
