3554 5642
547 506 643 548 cucur
663 505 917 548 sexuum-rans
936 505 1100 548 remoror
1398 493 1455 551 591

244 622 276 685 7.
298 621 450 685 Mentslus
459 619 663 700 aitzqniuque
672 619 830 682 archontes
838 618 869 681 in
881 624 942 682 tres
952 618 1147 698 imperatores
1158 626 1259 684 sontes
1269 620 1388 685 luerunt
1398 619 1454 707 (l);

190 734 324 800 hodierni
341 732 442 815 reguli
456 734 487 796 iu
501 733 632 813 qunque
652 733 810 796 archontes
831 741 933 796 sontes
952 739 1038 810 sunt;
1056 738 1086 797 et
1101 734 1235 798 hodierni
1251 736 1410 815 toparchae
1425 737 1456 799 in

192 848 351 913 hodiernos
367 848 489 928 regulos
504 852 604 911 sontes
619 853 699 909 sunt.
726 845 892 924 Imperator
907 845 1009 909 adiens
1025 847 1147 927 regulos
1161 847 1312 912 dicebatur
1328 850 1457 912 lustrare

191 961 359 1026 custodita:
374 959 469 1042 reguli
484 961 646 1024 revisentes
656 958 692 1023 ad
703 958 913 1041 imperatorem
928 958 1102 1023 dicebantur
1115 960 1226 1025 referre
1237 961 1454 1025 administrata.

190 1076 268 1140 l'ere
287 1072 479 1138 examinabat
503 1072 686 1137 laboratores
705 1077 735 1136 et
754 1072 910 1152 supplebat
931 1072 1010 1152 quod
1031 1087 1092 1137 non
1113 1074 1186 1136 satis
1207 1081 1290 1151 erat;
1313 1081 1457 1140 autumno

190 1186 380 1253 examinabat
396 1191 552 1263 metentes,
574 1194 605 1250 et
619 1185 778 1266 adiuvabat
792 1201 851 1250 non
867 1185 1046 1250 sufficienter
1061 1186 1204 1251 habentes
1221 1207 1228 1250 :
1246 1188 1272 1251 si
1286 1189 1458 1271 ingrediens

189 1317 295 1367 eorum
306 1300 393 1377 lines,
406 1307 485 1364 terra
499 1300 574 1364 bene
584 1300 739 1379 proscissa,
755 1300 852 1379 campi
862 1298 938 1364 bene
947 1299 1057 1363 exculti
1066 1308 1178 1375 essent,
1190 1301 1362 1382 alereutque
1372 1318 1459 1366 senes

189 1423 220 1478 et
230 1416 414 1478 honorarent
428 1414 588 1493 sapientes,
605 1412 782 1493 dotibusque
797 1419 982 1492 praestantes
996 1414 1248 1477 consumerentur
1258 1413 1289 1480 iu
1299 1415 1456 1498 dignitate,

188 1536 262 1593 tunc
277 1529 377 1593 locum
392 1526 520 1591 hahebat
535 1526 743 1604 remuneratio,
759 1534 790 1590 et
803 1525 1003 1590 remuneratio
1018 1526 1173 1591 constabat
1185 1528 1270 1592 uovis
1286 1529 1374 1593 terris
1390 1526 1433 1612 (i)
1448 1549 1455 1592 :

188 1643 216 1706 si
225 1641 400 1725 ingrediens
414 1655 518 1705 eorum
533 1639 652 1717 limites,
673 1647 752 1704 terra
766 1639 864 1703 duuris
877 1640 998 1722 rigeret,
1020 1641 1221 1720 relinquerent
1236 1658 1331 1721 senes,
1350 1643 1458 1707 missos

188 1756 323 1820 lacerent
338 1754 499 1833 sapientes,
516 1760 545 1817 et
561 1753 741 1818 tributorum
762 1759 917 1818 exactores
938 1758 1074 1818 tenerent
1095 1753 1267 1835 dignitates,
1284 1761 1356 1821 tunc
1371 1755 1459 1820 tiebat

188 1868 420 1933 animadversio.
439 1867 471 1931 Si
482 1867 611 1947 primum
622 1883 680 1933 non
690 1866 848 1943 invisebat,
861 1872 933 1930 tunc
941 1866 1126 1945 deprimebat
1134 1867 1200 1945 eius
1209 1868 1384 1953 dignitatem
1394 1865 1455 1952 (3):

189 1983 217 2046 si
231 1982 396 2047 secundum
417 1996 478 2046 non
499 1980 658 2058 invisebat,
682 1986 753 2046 tunc
774 1979 969 2045 imminuebat
990 1980 1055 2060 ejus
1075 1989 1187 2057 terras3
1209 1980 1376 2048 sitentium
1397 1998 1458 2046 nou

188 2095 349 2171 invisebat,
366 2101 439 2159 tunc
454 2110 507 2159 sex
523 2094 655 2178 legiones
676 2094 862 2173 deponebant
883 2094 979 2157 illum.
1009 2094 1112 2174 ltaque
1130 2093 1294 2174 imperator
1308 2095 1392 2175 punit
1407 2096 1458 2160 sed

190 2226 250 2275 non
266 2223 368 2288 perse
382 2209 499 2287 impetit
519 2208 612 2272 armis
629 2228 636 2271 :
656 2208 752 2291 reguli
771 2206 848 2286 iussi
866 2207 1014 2287 impetunt
1035 2207 1138 2284 armis,
1156 2208 1207 2272 sed
1223 2194 1284 2276 nou
1304 2210 1455 2289 puniunt:

190 2338 281 2403 porro
296 2321 427 2401 qunque
441 2323 601 2386 archontes
615 2321 671 2386 sibi
686 2325 874 2385 attraxerunt
888 2321 1011 2404 regulos
1025 2322 1062 2385 ad
1077 2322 1297 2404 impugnandos
1312 2325 1434 2405 regulos
1448 2341 1456 2385 :

191 2437 257 2502 ideo
271 2434 406 2500 dicebam
421 2434 552 2514 qunque
567 2435 726 2499 archontes
735 2435 766 2498 in
782 2442 844 2498 tres
857 2435 1053 2514 imperatores
1067 2450 1205 2514 peccasse
1217 2434 1271 2521 (4).
1295 2436 1459 2517 humoque

192 2548 385 2615 archontibus
406 2550 491 2614 lloau
508 2549 567 2613 dur
585 2549 641 2612 luit
656 2549 812 2627 potentior.
837 2549 872 2612 lu
886 2548 974 2612 ll‘oei
997 2548 1097 2612 t‘ieou
1118 2550 1312 2632 congregatis
1332 2548 1456 2632 regulis,

192 2663 332 2746 alligatae
349 2662 485 2726 victimae
506 2662 646 2742 imposuit
664 2661 785 2739 librum,
803 2662 855 2727 sed
870 2677 929 2726 nou
944 2661 1043 2724 linivit
1057 2661 1139 2725 labra
1154 2662 1300 2747 sanguiue
1317 2658 1372 2746 (5).
1395 2662 1458 2725 Pri·

194 2792 273 2840 mum
299 2781 447 2839 statutum
471 2775 599 2840 habebat
616 2794 623 2838 :
642 2776 738 2854 plecte
759 2775 868 2854 pietate
889 2781 1051 2854 expertem,
1071 2790 1110 2839 ne
1124 2774 1265 2841 immutes
1287 2776 1458 2839 institutum

193 2890 292 2954 thmni
317 2889 488 2965 haeredem,
507 2904 545 2953 ue
561 2903 698 2952 amumas
723 2887 889 2952 subnubam
902 2887 933 2951 in
950 2903 1086 2953 uxorem.
1119 2889 1286 2954 Secundum
1312 2893 1458 2952 statutum

194 3003 344 3068 habebat:
363 3003 477 3066 honora
502 3001 661 3082 sapientes,
684 3007 714 3065 et
729 3001 775 3066 ale
797 3017 917 3083 gnaros,
941 3007 975 3065 ut
995 3003 1160 3066 clarescant
1186 3001 1310 3081 praediti
1333 3000 1455 3081 virtute.

193 3116 327 3181 Tertium
343 3121 488 3179 statutum
504 3115 651 3179 habebat:
666 3130 802 3178 reverere
816 3115 959 3191 seniores,
978 3115 1045 3179 love
1060 3116 1211 3194 parvulos,
1224 3132 1262 3179 ne
1273 3114 1459 3178 obliviscaris

194 3229 324 3309 hospites
334 3235 366 3293 et
376 3230 560 3312 peregrinos.
583 3228 727 3301 Quartum
745 3235 890 3291 statutum
905 3227 1002 3292 aiebat
1014 3248 1022 3290 :
1035 3227 1158 3292 litterati
1170 3244 1208 3292 ue
1222 3227 1351 3291 habeant
1365 3228 1457 3292 haere·

193 3343 297 3407 ditaria
313 3341 425 3421 munia,
444 3343 614 3407 munierum
630 3341 750 3424 negotia
765 3356 803 3404 ne
817 3341 869 3404 uui
884 3342 1085 3418 cumulentur,
1109 3340 1247 3423 eligendo
1268 3339 1458 3405 candidatum

194 3694 249 3789 (ἓ
264 3718 349 3780 Ghuu
360 3709 398 3786 si)
413 3717 488 3777 Wen
504 3693 544 3780 a
558 3694 738 3776 di-T‘sin
749 3690 808 3787 (ᾗ
820 3715 901 3777 Chen
914 3705 997 3786 Kan)
1010 3716 1079 3777 Mon
1091 3692 1133 3778 fi
1146 3696 1327 3793 ’cl-song
1338 3687 1397 3785 (ff
1408 3714 1458 3773 Ηο

197 3822 276 3903 nan).
287 3832 379 3910 Siang
392 3806 436 3897 ξ
451 3809 492 3890 ὦ
510 3864 551 3876 -
568 3816 677 3889 'P‘chon
693 3808 753 3903 (ἦ
775 3827 843 3890 Heu
855 3818 967 3909 koung)
986 3829 1129 3907 Tchoang
1140 3804 1185 3893 iffi
1200 3808 1251 3890 ὦ.
1265 3862 1307 3876 -
1321 3828 1394 3888 Trea
1406 3828 1459 3886 irn-

196 3954 336 4024 peratoreo
351 3944 421 4017 Hia,
437 3943 550 4021 Chang,
566 3942 689 4002 Tcheou.

233 4048 278 4128 (2)
300 4032 441 4117 Qucum
508 4101 514 4114 .

232 4163 279 4241 (3)
296 4170 349 4230 Ex
363 4172 444 4232 Duce
457 4171 541 4231 fiebat
552 4168 690 4243 Marchio,
702 4171 769 4231 dein
784 4170 896 4243 Comes,
910 4169 1082 4245 Vioecomee
1097 4170 1182 4233 Bere.

232 4276 279 4355 (l)
298 4283 410 4345 Εοιιιιη
423 4283 529 4345 scilicet
544 4290 715 4361 potestatem
728 4292 906 4363 usurpantes.

231 4390 278 4468 (5)
298 4385 385 4458 K‘oei
404 4387 508 4457 K‘ieon
527 4396 634 4476 duplex
647 4396 701 4456 fult
717 4420 724 4457 ε
739 4397 813 4457 alter
824 4397 856 4456 in
868 4396 1001 4476 praesenti
1017 4394 1100 4456 Chen
1113 4406 1193 4477 teng,
1215 4397 1251 4457 ad
1265 4398 1343 4475 Ling
1355 4404 1399 4456 lae
1415 4371 1454 4458 ff

196 4487 239 4579 iffi
259 4513 406 4573 districtus
429 4511 612 4583 occidentem,
636 4510 707 4570 alter
720 4513 749 4570 in
770 4510 820 4570 Ho
833 4529 892 4569 nen
914 4510 967 4570 sub
987 4509 1046 4569 Καὶ
1065 4511 1136 4590 dung
1160 4485 1261 4572 M
1281 4508 1455 4591 praefoetura.

192 4627 325 4688 Victimae
350 4624 492 4703 sanguim
505 4623 586 4685 lubra
598 4623 737 4684 liniebant
760 4623 853 4683 foedus
866 4624 1005 4696 ineuntes,
1019 4622 1057 4683 ud
1070 4623 1125 4683 sibi
1139 4632 1271 4685 mactate
1284 4623 1384 4685 honde
1397 4640 1452 4681 eor·

190 4751 248 4803 tem
262 4763 281 4803 a
295 4737 454 4822 spiritibus
469 4737 690 4818 imprecandum,
703 4738 727 4799 si
740 4737 813 4798 forte
826 4718 1001 4797 illudebeant
1014 4754 1142 4812 unquam
1155 4736 1296 4797 violaturi.

265 4874 290 4917 11
1336 4850 1373 4907 75
