3572 5650
334 567 373 616 u1
850 564 1083 614 anoouuuuu

335 664 361 728 si
376 679 441 743 quae
455 663 640 744 irrepserint,
662 662 833 743 impositum
849 669 929 727 certe
943 662 1034 728 tuisse
1054 664 1188 742 modum,
1211 665 1311 731 animo
1327 682 1515 748 praesumam.
1538 671 1598 737 No·

334 810 406 868 mot
420 817 491 868 saue
505 817 609 867 omnes
624 802 727 880 quanti
742 799 780 864 sit
794 801 825 865 in
841 802 953 866 sineosi
967 803 1134 867 litteratura
1148 802 1265 867 diversa
1286 805 1498 871 uocabulorum
1511 807 1599 887 juxta

333 942 467 1008 diuersos
486 946 572 1005 tonos
591 938 778 1022 significatio.
796 940 829 1006 ld
844 955 933 1020 porro
948 940 1028 1005 haud
1042 952 1123 1008 certe
1139 957 1176 1006 ex
1191 940 1236 1008 ilo
1251 942 1323 1025 lang
1337 959 1414 1027 yuen
1429 960 1467 1027 yn
1484 952 1598 1026 repete-

333 1097 412 1157 mus,
425 1079 510 1160 crpus
520 1078 621 1142 nullus
631 1086 677 1142 est
687 1077 825 1143 litteratis
835 1094 919 1155 usus,
932 1078 983 1142 sed
995 1079 1092 1161 potius
1101 1096 1138 1145 ex
1147 1081 1251 1162 K‘ang
1260 1080 1292 1148 hi
1302 1086 1347 1144 tse
1358 1081 1417 1144 tien
1429 1089 1459 1144 et
1469 1082 1520 1146 Pei
1530 1099 1599 1147 uren

333 1235 393 1302 yun
408 1217 470 1293 iou,
487 1215 535 1280 cui
550 1216 610 1280 dhe
624 1232 684 1298 yur
700 1215 840 1292 cohaeret,
862 1230 930 1280 cum
952 1214 1115 1295 principem
1138 1217 1290 1281 obtineant
1309 1216 1388 1281 inter
1409 1218 1600 1285 vocabulario

333 1356 441 1421 locum.
465 1352 504 1421 At
514 1353 584 1418 licet
598 1367 715 1418 summa
731 1352 849 1431 utrique
864 1355 980 1416 constet
994 1351 1167 1429 auctoritas,
1184 1368 1252 1417 cum
1269 1359 1368 1417 amen
1383 1370 1599 1435 nonnunquam

333 1491 413 1587 haud
432 1489 511 1557 inter
525 1507 557 1554 se
572 1488 760 1565 conveniant,
783 1488 858 1555 illud
876 1488 974 1568 potius
995 1489 1157 1565 videretur,
1175 1495 1208 1552 ut
1222 1490 1364 1570 primurn,
1388 1492 1466 1570 quod
1487 1489 1599 1556 Acade·

333 1628 400 1695 mie
414 1626 766 1695 vocabulariummerito
786 1625 908 1703 dixeris,
932 1625 1010 1692 side
1025 1642 1126 1703 sensu,
1150 1625 1278 1689 alterum
1298 1641 1381 1703 vero,
1403 1628 1481 1707 quod
1497 1629 1601 1710 Regiae

332 1766 473 1837 Parnassi
482 1782 536 1832 seu
547 1766 652 1832 siricae
666 1765 815 1831 Prosodiae
827 1764 894 1845 jure
904 1764 1102 1845 comparabis,
1114 1764 1140 1828 si
1150 1765 1186 1831 de
1197 1765 1397 1848 mnisagitur,
1410 1767 1597 1846 preferatur.

333 1909 417 1973 Hanc
432 1923 539 1987 sequar
553 1906 647 1990 igitur
661 1908 797 1990 regulam
815 1927 822 1972 :
841 1923 878 1972 eo
893 1912 994 1972 autem
1015 1907 1133 1989 legendi
1153 1913 1311 1991 syntagma
1326 1908 1432 1972 modus
1448 1927 1456 1972 a
1474 1909 1602 1974 diversas

333 2044 502 2126 scriptionis
522 2045 709 2110 characteres
731 2043 898 2126 compingo,
918 2044 966 2109 vel
982 2045 1110 2108 alterum
1126 2044 1163 2108 ad
1177 2044 1289 2107 calcem
1305 2043 1435 2127 adjungo
1453 2063 1461 2109 :
1478 2046 1601 2113 eosdem

333 2197 440 2247 sensam
460 2186 619 2258 commate,
644 2180 777 2246 diversos
799 2180 876 2245 hiuis
898 2179 1016 2261 punctis
1036 2179 1216 2260 intercipio:
1241 2180 1429 2247 characteres
1448 2188 1602 2248 mutantes

333 2325 437 2384 tonum
452 2319 539 2383 uuice
554 2323 668 2397 repeto,
686 2324 718 2380 ut
734 2322 822 2381 tcum
836 2316 993 2393 indicetur,
1005 2323 1037 2382 et
1046 2321 1118 2385 tuuc
1132 2332 1239 2385 sonum
1253 2335 1411 2403 supporto,
1428 2318 1602 2389 sidirrersus

334 2456 397 2522 sit:
414 2456 695 2536 quodsiuuuspro
714 2456 809 2523 altero
830 2455 1002 2523 charactere
1023 2461 1196 2540 usurpetur,
1220 2457 1299 2526 huuc
1318 2456 1449 2540 adjungo
1463 2459 1534 2527 etei
1551 2477 1600 2527 so-

333 2614 405 2664 num
418 2614 585 2680 prepared.

419 2739 485 2802 lam
506 2738 584 2817 puoh
605 2737 643 2803 ad
663 2737 829 2802 versionem
852 2744 975 2818 spectat,
1006 2754 1095 2818 quem
1117 2753 1225 2819 sequar
1245 2738 1450 2819 interpretem,
1474 2756 1533 2806 non
1552 2750 1601 2807 est

333 2875 556 2959 ambigendum.
574 2874 708 2940 hectoris
722 2875 802 2939 enim
817 2875 922 2940 Tchou
935 2876 979 2953 hi,
997 2892 1085 2956 quem
1101 2876 1275 2940 litteratura
1291 2876 1453 2956 principem
1470 2883 1531 2942 teta
1546 2893 1600 2947 ua-

334 3013 376 3077 tio
387 3014 508 3090 salutat,
525 3018 595 3076 sunt
605 3028 665 3092 pre
675 3012 808 3077 omnium
824 3011 961 3075 manibus
976 3012 1202 3085 commentaria,
1219 3027 1312 3092 eaque
1327 3013 1436 3077 laureae
1450 3014 1601 3080 candidati

334 3149 391 3215 suh
404 3151 543 3231 presenti
563 3150 697 3234 dynastia
716 3150 837 3214 omnino
853 3149 936 3229 sepul
952 3155 1091 3215 tenemur
1109 3169 1116 3213 :
1134 3155 1165 3213 et
1179 3158 1213 3213 ut
1228 3149 1326 3231 magis
1339 3147 1404 3232 ipsa
1418 3151 1598 3229 clarescant,

333 3292 419 3370 plura
434 3289 639 3354 commentarii
654 3288 867 3354 commentaria
882 3289 974 3371 vulgo
989 3288 1020 3357 iu
1035 3290 1146 3354 scholis
1161 3294 1355 3366 usurpantur,
1372 3289 1471 3369 Kiang
1485 3288 1600 3370 tehaug

334 3412 377 3499 R
405 3412 447 3497 R
471 3428 537 3492 ideo
561 3427 720 3509 appellata,
747 3443 813 3507 qua
837 3427 967 3491 doctoris
996 3427 1173 3491 sententiam
1203 3426 1346 3489 evolvunt
1374 3425 1597 3505 illustrantque.

333 3569 431 3643 Hunc,
455 3566 543 3630 etsie
561 3567 760 3646 explanatum,
788 3582 846 3648 ego
866 3581 976 3645 sequor
993 3566 1198 3644 interpretem,
1222 3571 1253 3629 et
1273 3580 1310 3629 ne
1331 3564 1429 3644 ipsum
1449 3565 1599 3647 coryphei

334 3705 524 3771 radonalisue
546 3719 654 3769 nomen
674 3704 726 3767 tihi
746 3703 883 3768 umbram
905 3702 1043 3780 facessat,
1068 3701 1214 3782 duplicem
1230 3702 1260 3766 in
1276 3718 1311 3766 eo
1326 3702 1477 3766 hominem
1493 3701 1598 3765 distin·

334 3860 410 3927 guas
424 3844 531 3921 reliam
548 3843 757 3923 philosophum
772 3844 914 3919 detestor,
936 3857 1004 3907 amo
1019 3839 1204 3924 philologum
1222 3860 1229 3904 :
1247 3841 1328 3905 illius
1343 3856 1416 3922 ergo
1431 3838 1595 3916 erroribus,

334 3984 359 4046 si
374 3998 432 4063 qua
446 3982 649 4061 inerspirenu
666 3987 847 4063 expurgatos
862 3981 970 4045 vellem
986 3979 1089 4056 libros,
1115 3979 1165 4059 qui
1178 3978 1327 4059 juventuti
1341 3985 1450 4043 nostrae
1465 3977 1598 4041 discendi

334 4119 575 4194 committuntur,
598 4116 689 4197 hujus
710 4132 782 4182 vero
804 4117 1016 4183 cornmentaria
1038 4133 1120 4182 mere
1141 4116 1304 4197 philologa
1329 4131 1383 4195 pro
1403 4128 1519 4177 summa
1539 4113 1598 4177 viri

334 4255 509 4321 auctoritate
528 4261 558 4318 et
578 4253 694 4334 peritia,
718 4253 804 4319 iacile
825 4254 932 4319 ceteris
953 4261 1110 4335 antepono.
1138 4254 1177 4319 dt
1191 4254 1217 4318 si
1231 4255 1336 4319 exinde
1355 4252 1515 4317 verborum
1534 4252 1597 4317 vim

333 4391 509 4472 phrasispue
524 4391 701 4457 mumadam
716 4393 867 4472 depromo,
881 4393 1046 4457 alitteralis
1055 4391 1201 4457 versionis
1214 4391 1352 4455 methodo
1362 4405 1398 4454 eo
1413 4388 1523 4466 minus,
1536 4406 1596 4470 quo

334 4528 487 4593 obmurior
502 4534 611 4606 textus,
632 4528 731 4593 uisum
746 4535 793 4594 est
806 4529 966 4594 discedere.
989 4529 1132 4609 Equidem
1148 4530 1221 4606 scio,
1238 4526 1408 4606 hujusmodi
1421 4527 1594 4592 methodum

334 4680 421 4744 posse
435 4666 593 4746 aliquando
607 4665 723 4730 oiiicere
738 4665 947 4745 perspicuitati,
963 4682 1032 4730 cum
1042 4666 1155 4731 scilieet
1169 4665 1286 4746 phrasis
1299 4670 1416 4730 coosht
1430 4668 1592 4735 structura,

334 4801 405 4883 qaid
425 4818 497 4868 uero
517 4802 573 4867 sihi
594 4802 667 4867 velit
687 4809 791 4867 auctor
812 4803 892 4866 haud
913 4818 1007 4883 aeque
1030 4804 1276 4883 deprehendatur.
1305 4800 1344 4866 nt
1364 4802 1412 4866 hic
1434 4800 1489 4864 tuit
1509 4797 1594 4862 lahor
