3574 5666
550 483 581 526 m
600 481 836 525 snnmonruosmr
859 482 978 524 runnuu
999 483 1120 526 canaan
1397 471 1454 531 139

195 601 208 677 (
215 596 375 677 Anemo
383 599 471 662 aerea
479 595 698 679 contignatione
707 596 1000 675 postcrepusculum,
1013 607 1116 676 aperto
1127 602 1212 679 xysto
1221 595 1361 675 recipitur
1372 612 1452 662 sero·
1476 682 1480 691 Ι

196 713 256 775 tina
266 726 358 786 aura;
372 712 461 776 lunae
469 712 625 791 splendore
634 710 787 790 perculsae
797 710 902 773 valvae
910 709 1076 786 albescunt,
1089 717 1119 774 et
1129 711 1276 774 undenam
1285 710 1342 774 ista
1350 717 1454 791 trapac

194 830 225 888 et
239 824 382 888 nelumbii
403 823 565 906 fragrantia
576 820 618 908 (1)
628 829 642 888 t
652 856 697 869 -
707 824 906 904 (summere)
922 823 989 886 Jam
1004 823 1103 901 pluuia
1118 830 1213 903 coepta
1232 825 1355 900 cessari,
1373 840 1452 889 sere·

194 943 293 1014 natur,
317 942 348 1000 et
362 938 503 1002 occiduus
525 947 631 1000 ventus
663 932 706 1020 (i)
739 935 927 1016 potissimum
949 942 1086 1015 apportat
1109 953 1213 1000 auram
1244 956 1251 1000 :
1281 938 1452 1020 uigiliamm

193 1066 330 1114 museum
345 1056 453 1114 natura
467 1049 530 1130 ipsu
544 1050 658 1115 renidet
674 1047 729 1134 (3),
746 1056 776 1113 et
786 1050 824 1113 ad
838 1050 990 1113 lucernam
1004 1050 1172 1132 vigilandae
1187 1057 1288 1115 noces
1302 1050 1453 1115 obstinant

192 1164 377 1246 prolongari.
399 1198 445 1210 -
464 1163 519 1244 (7⁰
533 1175 589 1232 Die
609 1162 744 1239 (ἥκω)
760 1164 836 1226 Dum
857 1165 957 1226 aulam
978 1168 1048 1226 ante
1071 1171 1259 1243 exponuntur
1283 1164 1453 1229 cucurbitae

191 1285 223 1341 et
236 1277 362 1353 tractus,
385 1283 415 1342 et
428 1276 523 1342 nubes
536 1277 614 1340 inter
628 1276 787 1355 suspicitur
810 1275 951 1356 nuptialis
975 1292 1081 1340 currus
1104 1274 1160 1361 (4),
1186 1293 1242 1359 ego
1265 1278 1354 1341 velim
1376 1277 1452 1341 sicut

191 1391 238 1455 llo
259 1391 332 1472 long
353 1397 399 1455 tse
421 1397 537 1453 tantum
561 1390 690 1455 insolare
713 1390 876 1455 memoriae
899 1391 1054 1454 mandatos
1076 1389 1168 1454 libros
1192 1387 1202 1473 (
1225 1389 1247 1475 ).
1263 1380 1309 1438 -’
1327 1391 1383 1472 (9⁰
1396 1402 1454 1459 Die

189 1535 272 1573 nom
285 1505 380 1583 luna)
398 1504 484 1569 Nono
497 1503 555 1580 die,
572 1519 640 1567 cum
654 1504 692 1567 ad
705 1504 843 1568 draconis
861 1509 993 1568 montem
1015 1502 1125 1567 bibitur
1150 1501 1192 1588 (6)
1216 1510 1246 1568 et
1259 1505 1452 1587 chrysanthe-

190 1634 276 1681 mum
311 1618 416 1682 irridet
452 1615 600 1696 dejectum
634 1617 816 1696 praelectum
852 1614 909 1702 (7),
947 1616 1030 1682 ebrio
1058 1617 1131 1681 mihi
1158 1617 1312 1697 aspicienti
1345 1623 1453 1681 uentus

190 1731 329 1795 demittat
352 1731 476 1811 pileum,
501 1735 532 1795 et
555 1730 720 1810 tripudians
744 1745 812 1796 amo
836 1737 869 1794 ut
886 1731 956 1793 luna
981 1731 1111 1795 detineat
1134 1730 1280 1794 homines.
1314 1731 1452 1794 Hesterni

189 1844 251 1908 diei
273 1845 429 1908 scansione
452 1843 483 1908 in
501 1845 594 1908 altum
621 1843 714 1920 linita,
741 1844 884 1909 hodierno
908 1859 996 1908 mane
1018 1844 1127 1908 iterum
1149 1845 1303 1908 elevantur
1327 1844 1449 1926 scyphi3

76 1942 83 1952 ’
188 1964 223 2020 at
237 1958 501 2041 chrysanthemum
516 1973 571 2022 cur
584 1962 646 2020 tam
660 1957 814 2035 misemm,
830 1973 898 2022 curn
913 1956 1067 2023 offenderit
1080 1957 1159 2021 istud
1174 1959 1331 2037 repetitum
1356 1971 1452 2022 nonae

189 2075 327 2135 nonum?
349 2071 535 2153 -(Hiemo,
551 2071 604 2140 10⁸
618 2072 707 2151 loen)
720 2071 852 2135 borealis
871 2072 959 2135 Semo
979 2070 1082 2151 incipit
1100 2071 1236 2136 emittere
1255 2070 1350 2151 iussa,
1375 2071 1451 2134 coelo

189 2199 298 2248 sereno
305 2191 423 2249 amatur
434 2184 506 2248 solis
516 2185 597 2249 calor
608 2203 615 2248 :
625 2185 826 2267 agricolarum
836 2184 920 2248 labor
930 2185 1027 2249 denuo
1037 2184 1188 2265 componit
1198 2186 1308 2260 solmn,
1323 2183 1450 2248 inuicem

189 2299 379 2380 gratulantes
389 2298 538 2377 accepisse
549 2298 691 2377 optimam
702 2314 841 2362 messem.
857 2331 903 2344 -
915 2293 1120 2362 Transcnnam
1131 2305 1215 2362 entra
1227 2298 1322 2361 tribus
1333 2296 1452 2377 perticis

188 2413 325 2476 clevatus
339 2410 396 2487 sol,
412 2410 500 2475 modo
513 2409 593 2474 addit
607 2427 698 2491 penso
713 2411 802 2475 unius
816 2411 858 2474 dli
871 2410 1087 2493 longitudinem
1103 2407 1146 2495 (8)
1164 2431 1172 2475 :
1189 2411 1374 2475 ascendendo
1389 2416 1450 2474 tur·

189 2525 249 2588 rim
260 2525 345 2589 video
355 2524 486 2589 aetheris
496 2530 660 2604 aspectum,
677 2530 707 2589 et
717 2525 856 2589 aetherea
865 2523 945 2588 enda
958 2525 1074 2607 gaudeo
1087 2523 1194 2589 otlerre
1204 2524 1314 2588 bonum
1329 2540 1428 2589 omen.

232 2624 267 2702 8?
287 2638 390 2702 hieme
404 2638 531 2702 abeunte
549 2637 720 2720 uigiliarum
744 2638 881 2701 tessellae
906 2616 1067 2703 exhaustae
1091 2645 1160 2701 sunt
1176 2634 1232 2722 (9),
1254 2644 1285 2702 et
1299 2653 1368 2701 uere
1382 2635 1450 2699 sub·

188 2757 334 2831 mouente
361 2746 461 2816 llodii'
478 2750 667 2815 manubrium
694 2751 820 2815 uertitur
848 2747 913 2835 (10)
939 2770 946 2815 :
972 2750 1067 2833 trigas
1091 2757 1121 2816 et
1142 2759 1226 2830 tepor
1239 2752 1342 2815 eadem
1364 2757 1451 2815 nocte

189 2904 351 2913 --—-——-

229 3010 275 3093 (1)
296 3021 378 3081 Binae
399 3019 513 3094 litterae,
536 2995 580 3084 Ξ
604 3028 633 3081 et
658 2994 709 3093 lii,
732 3020 826 3081 solent
842 3018 951 3093 sociari,
973 3020 1051 3098 quod
1064 3019 1177 3101 plantas
1200 3020 1352 3098 designant
1375 3039 1450 3099 aeque

186 3136 220 3195 in
232 3135 344 3213 stagnis
360 3134 398 3194 ali
413 3135 521 3196 solitos.
1009 3214 1015 3225 ς

229 3237 277 3314 (i)
298 3248 409 3309 Aurum
431 3244 462 3309 et
487 3248 607 3326 lignum,
632 3247 706 3326 ignis
730 3260 760 3308 et
786 3263 870 3325 aqua,
893 3248 1031 3309 denotant
1054 3247 1080 3308 0
1103 3255 1133 3307 et
1157 3245 1193 3321 Ε,
1214 3246 1234 3308 S
1259 3253 1288 3307 et
1312 3246 1350 3319 N,
1373 3255 1450 3307 terre

184 3361 310 3421 denotat
324 3363 458 3423 medium.
478 3361 618 3423 Oceiduus
631 3369 742 3434 ventus,
758 3361 931 3422 autumnalis
944 3362 1059 3422 scilieet

229 3464 275 3543 (3)
296 3473 447 3535 Autumno
459 3476 532 3536 bene
544 3476 682 3547 studetur,
701 3495 766 3535 cum
779 3495 906 3535 moseum
918 3474 1069 3535 hilarescit.

227 3578 273 3657 (4)
294 3589 361 3648 Duo
373 3589 466 3648 sidera
480 3569 521 3652 ΔΕ
537 3595 567 3648 et
582 3564 624 3649 11
637 3608 672 3646 ea
681 3587 727 3647 die
740 3597 890 3648 occurrunt
899 3588 992 3663 simul,
1007 3596 1040 3646 ut
1057 3586 1094 3649 ad
1111 3588 1187 3649 uiam
1201 3586 1323 3649 lateteam
1336 3596 1449 3648 mutent

183 3700 338 3763 locumeld
356 3701 521 3761 habeturut
534 3702 709 3761 matrimonii
727 3700 895 3778 symbolum,
916 3701 1036 3778 ideoque
1046 3702 1204 3761 offeruntur
1216 3703 1250 3762 iis
1267 3702 1331 3762 Diis
1344 3698 1448 3761 eduin.

227 3805 273 3885 (5)
294 3814 401 3874 Omnes
414 3822 480 3874 tunc
492 3821 640 3893 exponunt
657 3822 748 3874 vestes
762 3823 832 3893 eto.;
852 3811 900 3875 ille
912 3813 954 3873 nil
966 3814 1075 3874 habens
1088 3817 1206 3893 exponit
1219 3835 1258 3875 se

228 3917 273 3995 (6)
294 3927 418 3998 Quidam
432 3926 497 3988 olim
508 3928 547 3987 sd
555 3927 676 3987 vicinum
689 3927 818 3988 draconis
831 3937 959 3988 montem
972 3927 1130 4006 aufugiens,
1145 3929 1340 4007 impendentes
1350 3927 1448 3987 domui

183 4039 367 4100 calamitates
381 4041 481 4101 vitavit
494 4063 502 4101 a
514 4040 582 4100 hino
593 4040 702 4100 scansio
715 4040 796 4118 hujus
809 4043 915 4102 montis
928 4041 1062 4119 effugium
1073 4038 1245 4102 calamitatis
1258 4039 1407 4120 significat.

227 4143 273 4223 (7)
292 4132 336 4212 ᾗ
352 4127 395 4214 3
416 4152 540 4214 famosus
555 4153 707 4226 litteratus,
727 4153 778 4213 sed
798 4175 858 4214 non
879 4154 1043 4215 fortunatus
1063 4155 1226 4235 praesectum
1249 4155 1355 4235 pileum
1376 4155 1447 4214 ami-

183 4266 225 4327 sit
239 4268 310 4343 quin
323 4268 451 4341 senserit,
472 4266 544 4327 unde
556 4286 655 4327 omnes
668 4266 823 4328 miserunt.

225 4370 272 4452 (8)
293 4379 364 4441 Post
377 4379 530 4441 solstitium
545 4378 674 4454 hiemale,
696 4379 739 4440 sol
751 4381 840 4441 serius
853 4379 990 4455 occidens,
1012 4378 1098 4441 altior
1112 4388 1230 4461 apparet
1252 4388 1337 4442 extra
1348 4387 1445 4439 textas

181 4494 319 4554 bnesuae
331 4501 431 4567 metes,
445 4493 567 4572 sinitque
577 4515 627 4554 aaa
636 4493 803 4573 pingentem
815 4494 909 4555 adhue
921 4513 1010 4556 unum
1022 4492 1098 4553 iilum
1108 4512 1159 4554 suo
1169 4495 1332 4574 impendere
1346 4511 1443 4571 penso.

224 4597 271 4678 (9)
291 4606 390 4667 Media
404 4604 511 4667 scilicet
523 4625 583 4668 nox
596 4616 648 4669 est.

221 4711 289 4792 (10)
300 4720 391 4781 Medii
398 4718 934 4801 manubriumestmajorisUrsaecauda,
942 4720 1131 4799 qnaesincnsis
1138 4716 1443 4798 modiitlguramrefert.
