3554 5642
579 474 675 518 curun
695 472 988 516 ecferuntur-rues
1005 473 1096 518 meroe
1414 459 1472 521 617

202 604 287 659 suum
311 587 453 652 tendendi
475 603 578 653 arcum
599 588 764 652 modulum.
789 589 912 669 Sapiens
933 589 1053 654 adducit
1073 604 1177 654 arcum
1200 596 1230 654 et
1250 605 1310 655 non
1330 589 1469 673 sagittam

202 718 249 765 res
262 718 317 783 per
332 716 366 764 se
380 702 465 766 velut
478 702 595 767 exsiliet
612 699 654 785 (ll
674 721 681 764 :
699 702 796 767 medio
810 702 930 766 virtutis
945 703 1098 779 consistit;
1121 702 1172 783 qui
1192 710 1328 783 possunt,
1346 719 1471 784 sequen·

202 822 249 879 tur
263 814 360 879 illum.

258 929 311 994 42.
334 929 480 993 lientsius
499 930 541 993 ait
558 949 565 992 :
585 931 610 993 si
624 930 654 993 in
678 929 803 1010 imperio
825 930 910 1012 viget
930 931 1015 1007 ordo,
1040 930 1127 995 saciet
1147 930 1312 996 doctrinam
1334 930 1471 994 comitari

201 1044 375 1122 personam;
402 1043 427 1106 si
441 1043 472 1107 in
493 1043 619 1123 imperio
638 1042 718 1124 jacet
739 1044 799 1120 lex,
824 1043 912 1108 laciet
933 1060 1091 1124 personam
1114 1043 1255 1123 subsequi
1276 1044 1467 1109 doctrinam:

201 1172 352 1237 nmquam
368 1156 468 1222 audivi
482 1156 533 1237 qui
549 1156 653 1222 iecerit
667 1156 833 1221 doctrinam
849 1158 1036 1222 accomodari
1051 1158 1088 1249 ad
1103 1157 1240 1222 bonrines
1254 1157 1312 1236 (l).

257 1271 309 1335 43.
332 1270 726 1354 Kongtoutseait:T‘eng
735 1270 876 1350 principis
886 1269 978 1336 irater
987 1272 1076 1353 Kcnq
1086 1288 1154 1336 cum
1164 1277 1244 1335 esset
1252 1271 1283 1335 in
1294 1272 1406 1349 sobole,
1427 1272 1469 1336 vi·

201 1384 324 1449 debatur
333 1400 371 1448 ex
380 1384 418 1448 iis
427 1401 505 1460 esse,
523 1384 573 1464 qui
585 1384 697 1448 urbane
711 1383 916 1463 excipiuntur;
936 1391 969 1448 tu
980 1390 1079 1449 tanmn
1090 1401 1145 1449 nec
1156 1385 1471 1463 respondisti:quarer

201 1497 343 1561 lientsius
358 1497 419 1561 ait:
433 1498 483 1579 qui
498 1497 628 1562 nitentes
642 1497 807 1562 bonoribus
820 1497 1021 1581 interrogant,
1038 1501 1086 1563 vel
1100 1497 1204 1562 conlisi
1219 1497 1363 1578 sapientia
1378 1499 1469 1563 inter·

202 1616 318 1693 rogant,
331 1612 379 1676 vel
389 1612 519 1677 nitentes
529 1610 743 1692 grandaevitate
753 1610 953 1693 interrogant,
966 1614 1013 1676 vel
1024 1612 1205 1676 confidentes
1216 1612 1355 1690 prestitis
1367 1610 1471 1676 ciliciis

201 1725 394 1807 interrogant,
414 1726 462 1790 nel
472 1725 567 1789 innixi
577 1725 670 1790 veteri
681 1723 811 1789 amicitia
822 1724 1017 1807 interrogant,
1033 1724 1172 1791 omuibus
1179 1724 1281 1788 iisnon
1287 1725 1466 1805 respondeo:

201 1838 298 1921 T‘eng
313 1838 394 1921 long
408 1838 499 1904 babet
513 1840 572 1904 duo
587 1839 697 1918 priore.

256 1952 308 2016 44.
332 1951 477 2016 blentsius
491 1953 533 2016 ait
551 1972 557 2014 :
577 1952 627 2032 qui
643 1951 680 2016 ab
695 1952 743 2028 iis,
768 1967 833 2031 que
849 1951 932 2016 netas
947 1961 993 2015 est
1012 1954 1161 2028 omittere,
1185 1951 1325 2029 abstinet,
1350 1951 1391 2015 nil
1404 1952 1468 2031 jam

199 2065 276 2147 quod
285 2081 345 2129 non
356 2066 491 2130 omittet:
502 2066 552 2146 qui
564 2081 637 2148 erga
648 2081 711 2142 eos,
724 2066 775 2145 qul
786 2066 910 2148 largiter
921 2066 1078 2142 tractandi,
1091 2082 1199 2146 pareus
1210 2072 1268 2141 est,
1283 2081 1371 2130 nemo
1378 2081 1468 2145 quem

198 2196 256 2245 non
272 2179 403 2244 tenuiter
417 2180 544 2260 excipiet
560 2196 568 2244 :
586 2179 637 2259 qui
653 2178 843 2262 progreditur
861 2178 950 2242 nimis
965 2178 1090 2255 intente,
1110 2177 1136 2242 is
1150 2179 1268 2244 recedet
1283 2179 1424 2243 velocius.

254 2294 307 2358 45.
330 2293 476 2358 Mentsius
491 2293 553 2357 ait:
566 2293 685 2373 sapiens
700 2293 797 2373 quoad
812 2292 911 2368 44444,
929 2291 1017 2356 babet
1028 2293 1072 2356 eis
1085 2291 1237 2368 affectum,
1254 2292 1307 2355 sed
1322 2308 1381 2356 non
1397 2293 1467 2357 cba-

198 2408 333 2483 rltatem3
357 2407 455 2486 quoad
471 2408 613 2486 populum
628 2406 718 2472 babet
735 2406 762 2470 ei
778 2406 966 2491 charitatem,
990 2406 1041 2470 scd
1057 2420 1116 2470 non
1131 2410 1289 2485 parentum
1304 2419 1438 2470 amorem
1456 2422 1464 2467 :

196 2535 297 2586 amore
319 2520 510 2600 prosequitur
531 2526 682 2600 parentes,
705 2527 736 2585 et
758 2520 904 2585 ebaritate
926 2520 1080 2600 populum,
1111 2519 1256 2584 charitate
1278 2519 1421 2598 populum
1436 2525 1468 2582 et

196 2634 303 2699 adectu
318 2632 407 2697 bruta
419 2635 479 2716 (3).

253 2746 306 2813 46.
330 2747 476 2813 Mentsius
490 2749 533 2812 ait
545 2767 552 2810 :
566 2747 696 2827 prudens
711 2747 785 2811 nibil
796 2745 907 2811 omittit
917 2746 1009 2825 scire;
1027 2753 1058 2810 at
1068 2763 1133 2827 quae
1143 2745 1251 2811 debent
1265 2744 1411 2824 imprimis
1421 2750 1465 2809 at·

196 2862 287 2938 tendi,
305 2860 396 2925 babet
410 2862 559 2942 imprimis
573 2859 764 2925 sollicitudini
780 2880 787 2924 :
807 2862 957 2924 humanus
972 2861 1088 2924 nullum
1104 2875 1163 2925 non
1178 2866 1275 2935 amat;
1293 2864 1324 2922 at
1338 2858 1466 2922 sollicite

196 2976 320 3058 diligere
343 2975 491 3055 sapientes
512 2974 619 3055 potiori
643 2974 732 3039 babet
752 2990 841 3039 curae.
869 2974 935 3038 Yao
949 2979 979 3038 et
997 2975 1098 3038 dboen
1121 2973 1280 3054 pmdentes
1296 2978 1392 3047 eraut,
1410 2987 1466 3036 uec

197 3096 295 3152 tamen
311 3089 585 3168 complectebantur
599 3088 711 3164 omnim
729 3086 917 3153 sollicitiores
926 3094 1012 3152 erant
1022 3102 1149 3167 quorum
1164 3085 1311 3165 imprimis
1326 3091 1463 3167 satagen-

197 3203 265 3265 dum
283 3219 291 3266 :
309 3201 376 3266 Yao
390 3207 422 3266 et
440 3201 541 3267 ilboen
556 3201 687 3266 charitas
703 3216 762 3266 non
782 3200 984 3284 conglobatim
1004 3200 1123 3265 amabat
1138 3198 1285 3274 homines,
1310 3197 1465 3263 sollicitior

198 3315 338 3398 diligebat
359 3315 518 3396 sapientes.
547 3315 614 3380 Non
635 3330 726 3398 agere
748 3315 925 3379 triennalem
940 3314 1066 3390 luctum,
1083 3320 1112 3377 et
1129 3327 1200 3376 vero
1215 3313 1396 3376 trimestrem
1411 3317 1463 3375 aut

197 3429 469 3508 quinquemestrem
493 3435 596 3494 exacte
621 3428 804 3509 perquirere,
838 3427 931 3493 effuse
957 3427 1112 3493 comissari
1130 3431 1161 3492 ct
1184 3425 1340 3507 indulgere
1366 3422 1461 3503 potui,
1523 3490 1527 3495 ,

196 3541 326 3623 illudque
341 3550 442 3608 444444
456 3542 607 3622 inquirere
621 3558 703 3606 onon
714 3541 852 3606 dentibus
866 3556 936 3606 caro
950 3541 1149 3607 discinditur»
1162 3539 1191 3603 id
1201 3539 1309 3603 dicitur
1322 3537 1464 3621 ignorare

197 3654 264 3735 quid
279 3656 426 3736 precipue
441 3656 653 3721 attendendum
667 3655 725 3736 (4).

231 3902 280 3986 (1)
300 3910 384 3972 Licet
397 3930 456 3971 nou
469 3912 570 3971 doceat
583 3910 741 3989 sagittandi
759 3910 885 3985 modum,
906 3908 984 3971 hune
997 3916 1097 3970 temen
1110 3930 1126 3970 e
1139 3928 1170 3969 re
1184 3908 1245 3988 ipse
1258 3908 1346 3969 veluti
1368 3906 1464 3969 exuli·

194 4036 287 4088 eutem
301 4024 452 4105 discipulus
466 4023 550 4084 iecilc
562 4024 643 4086 enuit.

230 4131 279 4213 (2)
299 4139 331 4201 si
346 4139 423 4217 viget
437 4138 586 4216 sapientie,
601 4138 801 4216 magistratum
820 4146 946 4215 capesset
960 4157 1078 4215 eamque
1092 4136 1276 4214 propagabit3
1289 4137 1314 4195 ei
1320 4137 1408 4215 jacet,
1418 4154 1462 4195 re·

191 4255 271 4316 cedet
282 4252 424 4331 simulque
433 4251 554 4332 jacebit3
567 4250 615 4311 ced
625 4269 769 4327 nunquam
783 4249 952 4329 sapientiam
966 4249 1161 4310 accomodabit
1174 4250 1323 4308 hominum
1333 4248 1459 4308 arbitrio.

228 4358 278 4441 (3)
299 4342 339 4432 ii
355 4367 446 4440 cutia,
459 4364 545 4424 modo
558 4364 726 4437 inanimato,
740 4371 793 4422 eut
808 4362 954 4438 animalia,
976 4364 1062 4425 modo
1074 4361 1228 4423 rationalia
1240 4362 1397 4440 siguificare
1408 4380 1460 4440 po·

190 4489 244 4545 loct
258 4507 267 4546 r
280 4481 329 4545 hic
341 4479 482 4542 animalia
492 4485 522 4539 et
539 4477 689 4557 gignentia
702 4475 906 4555 complectitur.

5 4631 11 4673 t
28 4642 31 4663 ι,
225 4590 270 4665 (4)
291 4571 339 4660 35
351 4592 489 4674 exprimit
503 4600 618 4665 rectem,
631 4608 695 4669 qnoe
711 4590 846 4650 trimestri
853 4588 931 4650 lueto
946 4589 1144 4650 deferebatur:
1156 4567 1196 4651 tls
1214 4566 1254 4652 ἶ]
1270 4608 1336 4648 vero
1349 4587 1459 4649 luctum

173 4717 456 4798 xquinquemestrem.
