3572 5650
557 962 1076 1120 Puommrum.
1136 960 1138 965 ·

705 1347 919 1390 -οοκςοο-

248 1642 353 1709 Soleut
370 1644 462 1709 Sinae
482 1644 645 1709 nonnullos
665 1643 793 1722 libellos,
815 1645 886 1709 dum
905 1645 1003 1709 udltuc
1022 1644 1180 1710 tenerescit
1204 1651 1288 1724 etus,
1314 1649 1453 1732 perlege·

165 1794 211 1860 re,
222 1783 304 1848 etsie
313 1782 422 1848 studio
439 1780 604 1863 proludere
619 1782 822 1847 classicorum.
843 1782 984 1846 tamdem
997 1782 1047 1847 llic
1059 1797 1173 1863 sequor.
1181 1784 1366 1862 methodum,
1384 1791 1449 1851 tum

168 1922 239 2001 quin
259 1928 321 1984 um
343 1920 458 1984 obrias
483 1918 705 1983 lucubrationes
727 1925 859 1999 praestat
882 1920 1093 1997 internoscere,
1118 1927 1182 1984 tum
1202 1920 1271 2001 quia
1286 1921 1323 1985 ad
1338 1921 1450 1988 siricae

172 2058 307 2123 lecdoms
330 2068 483 2123 numeros
508 2056 620 2122 iaciunt
644 2056 802 2137 apprime:
820 2058 931 2123 etideo
957 2065 1019 2121 trct
1039 2059 1259 2122 communiones
1281 2056 1371 2141 elegi,
1398 2057 1450 2138 qul

176 2195 277 2272 trium
300 2201 433 2275 quatuor
447 2201 480 2260 et
494 2193 626 2274 quinque
651 2194 819 2259 litterarum
843 2194 1002 2274 phrasibus
1026 2196 1207 2260 coalescunt.
1233 2193 1273 2259 At
1288 2194 1314 2259 si
1328 2195 1449 2261 lectioni

176 2333 288 2409 lavent,
300 2333 338 2398 ab
347 2334 398 2399 his
407 2331 638 2412 explicationem
653 2332 745 2397 ordiri
759 2348 819 2397 non
834 2331 991 2397 conducit:
1004 2332 1090 2412 plura
1106 2331 1187 2396 enim
1201 2332 1364 2410 continent,
1382 2349 1449 2413 que

177 2472 276 2554 tyroni
290 2471 497 2535 difficultatem
514 2469 673 2536 lacessunt.
698 2471 728 2535 Si
743 2472 821 2536 huuc
837 2485 912 2554 ergo
927 2470 1026 2547 umes,
1043 2470 1155 2550 poteris
1170 2468 1279 2550 praevia
1293 2469 1345 2534 illa
1360 2486 1450 2550 opus·

177 2607 246 2671 cula
259 2607 310 2670 vir
319 2623 336 2671 e
346 2607 451 2672 limine
466 2608 609 2684 salutare,
626 2608 794 2687 provectior
808 2608 997 2688 postmodum
1011 2607 1048 2671 ad
1061 2607 1126 2687 ipsa
1140 2621 1326 2672 reversurus.
1350 2606 1450 2688 Atque

176 2745 235 2809 luae
249 2744 286 2808 dc
300 2759 392 2808 causa
413 2759 522 2808 vocum
544 2750 713 2827 syntagma,
730 2743 813 2824 quod
826 2744 1013 2809 continenter
1035 2750 1156 2809 nostrae
1179 2743 1281 2809 subest
1304 2744 1445 2823 versioni,

176 2882 287 2945 iterum
301 2896 320 2944 a
335 2881 469 2946 classicis
486 2880 623 2945 instituet
636 2886 769 2958 cursum,
787 2881 870 2945 nulla
884 2880 985 2945 habita
1002 2879 1223 2958 vocabulorum,
1242 2896 1309 2959 que
1322 2895 1449 2959 praeces·

178 3018 285 3095 serint,
303 3017 429 3094 radone,
446 3023 480 3080 ut
497 3016 572 3081 nilnil
586 3017 727 3097 impediat
745 3016 905 3097 quominus
926 3017 1119 3082 classicomm
1139 3017 1240 3080 statim
1261 3016 1449 3099 aggrediaris

178 3155 323 3219 sudium.
344 3154 382 3217 lit
399 3154 457 3219 hoc
470 3153 546 3218 illud
561 3154 650 3217 ctiam
665 3152 785 3218 habebit
805 3153 964 3230 commodi,
988 3154 1066 3233 quod
1087 3152 1280 3218 classiccmm
1304 3152 1448 3217 dictiones

176 3293 343 3358 continenti
374 3298 533 3373 prospectu
554 3292 672 3372 pervias
694 3292 827 3370 habebis,
848 3306 926 3372 quae
946 3291 1158 3357 communioris
1182 3296 1263 3356 certe
1276 3295 1347 3355 sunt
1360 3306 1446 3369 usus,

176 3431 249 3496 etsi
263 3430 357 3510 probe
371 3432 493 3508 calleas,
510 3429 640 3510 suppetit
654 3429 717 3509 jam
732 3444 791 3509 quo
807 3429 998 3510 scriptionem
1013 3435 1126 3506 teutes3
1144 3429 1320 3494 sielassicos
1335 3428 1448 3494 scilicet

177 3582 309 3647 qnorum
331 3566 474 3645 studium,
501 3566 621 3631 identsii
641 3565 841 3646 potissimum,
857 3566 1010 3646 scriptioni
1024 3581 1084 3630 nou
1099 3580 1205 3646 parum
1219 3566 1351 3647 prodest,
1368 3563 1447 3629 serio

178 3702 378 3786 perlegendos
398 3719 546 3767 assumes.
574 3703 712 3768 Ceterum
738 3702 892 3782 utriusque
913 3701 1110 3785 syntagmatis
1126 3703 1216 3784 longe
1230 3701 1328 3766 dillert
1342 3700 1444 3765 ratio:

178 3842 311 3922 pmmum
335 3840 416 3904 enim
439 3840 590 3922 peculiare
610 3846 668 3919 cst,
684 3840 766 3905 etad
781 3841 917 3921 praevios
942 3839 1058 3904 libellos
1082 3840 1179 3923 magis
1203 3839 1444 3918 accomodatum

178 3981 309 4045 almrum
320 3994 400 4057 vero,
416 3979 486 4044 licet
495 3978 614 4043 nonnisi
627 3983 712 4043 sexto
724 3958 875 4042 volumine
889 3977 1108 4057 complendum,
1126 3975 1334 4054 universalius,
1346 3976 1445 4057 proin·

179 4116 274 4196 deque
288 4115 388 4179 varias
411 4116 505 4180 veluti
520 4116 638 4196 phasee,
660 4130 734 4195 quas
744 4114 929 4181 combulain
939 4115 1143 4179 communiore
1156 4114 1262 4178 saltem
1278 4113 1447 4179 litteratura

180 4253 334 4333 inducunt,
352 4254 487 4334 pressius
501 4254 700 4334 persequitur.

267 4389 327 4463 ilua
341 4390 373 4456 in
389 4406 424 4456 rc
438 4396 539 4455 tntum
553 4390 627 4454 mini
641 4390 787 4471 presumi
800 4392 918 4471 ducem,
939 4399 1114 4458 accentuum
1134 4402 1386 4469 numerorumque
1398 4387 1446 4453 in·

178 4528 276 4594 dicem
299 4511 357 4613 (ἢ
373 4511 451 4614 ᾗ),
474 4527 527 4609 qni
548 4527 685 4593 manibus
705 4530 818 4609 passim
838 4528 1037 4594 litteratorum
1059 4527 1166 4593 teritur
1187 4545 1196 4590 ι
1217 4533 1248 4591 et
1269 4541 1308 4589 ue
1328 4525 1446 4590 mendls

179 4666 310 4743 fallerer,
326 4667 435 4748 quibus
450 4680 568 4731 excusae
584 4666 663 4746 apud
676 4666 762 4732 Sinas
776 4666 879 4732 lormae
898 4672 1012 4731 scatere
1031 4666 1139 4742 solent,
1164 4680 1233 4729 eum
1252 4663 1290 4727 ad
1310 4668 1444 4728 recentes

179 4802 256 4869 cPei
269 4817 336 4872 nen
344 4820 408 4892 ynn
418 4805 474 4871 lon
495 4790 539 4878 fi
556 4789 596 4880 ἕξ
612 4786 657 4878 Ε
670 4787 713 4879 li
734 4810 890 4887 excerptos
913 4810 1058 4870 ructatus
1071 4802 1179 4886 exegi,
1195 4799 1300 4881 utinm
1313 4798 1442 4877 mendis,
