3556 5664
476 843 782 966 LIBER
842 841 1277 964 MENTSII.

760 1134 975 1172 —oomoo—

294 1327 408 1386 Arputur
425 1332 463 1375 ent
481 1328 614 1382 Manteion,
632 1327 759 1386 magisque
775 1325 807 1372 ul
828 1325 934 1373 fluidum
950 1324 1046 1384 stylum
1062 1323 1165 1371 aeosdii.
1189 1323 1266 1371 Ilium
1284 1326 1350 1371 nerto
1365 1323 1505 1371 tantiioeit

235 1439 318 1488 senior
334 1441 394 1495 Seu,
411 1439 520 1488 fumosus
536 1455 592 1487 eum
608 1440 704 1488 duobus
720 1439 778 1487 filii·
796 1455 810 1487 e
828 1440 895 1497 Sonp
911 1438 1027 1497 dynastia
1048 1436 1186 1493 litteratus,
1213 1442 1243 1485 ut
1258 1441 1341 1484 totum
1357 1437 1409 1484 suia
1430 1437 1506 1485 adno-

236 1555 373 1603 tutionibus
391 1555 534 1609 illustrarit.
551 1570 580 1602 oo
596 1558 726 1614 propiores
740 1558 829 1601 notum
845 1552 923 1600 titulo
940 1523 982 1612 ff
998 1527 1039 1613 st
1057 1529 1099 1608 i:
1117 1527 1172 1611 :f-
1201 1554 1307 1600 Praestat
1329 1568 1387 1612 ergo
1411 1554 1505 1611 maiore

236 1670 277 1718 hio
293 1685 348 1717 oum
365 1669 495 1727 diligentia
510 1672 537 1716 et
551 1668 612 1728 styli
628 1670 707 1715 flexus
723 1671 749 1715 ot
764 1667 861 1727 phrasin
875 1670 1027 1723 structuram
1042 1667 1200 1727 perpendere.
1217 1669 1319 1727 Septem
1334 1669 1394 1713 armi
1410 1665 1504 1725 capitu,

236 1784 332 1844 singula
346 1783 374 1831 iu
392 1783 455 1830 duu
476 1784 559 1843 partor
584 1781 736 1828 distributa:
752 1781 802 1828 iria
825 1781 907 1841 priora
931 1780 1091 1828 eonstituunt
1113 1781 1263 1840 superiorem
1287 1779 1345 1826 libri
1369 1779 1505 1826 tentionem

236 1903 249 1978 (
259 1895 297 1978 h
315 1898 358 1977 i
369 1900 390 1974 i,
408 1926 491 1971 cotan
506 1922 648 1970 antenorem
660 1895 722 1981 (Τ
741 1899 816 1979 i).

617 2358 825 2460 chron
857 2358 1126 2460 Pomona

290 2619 437 2684 biootsius
451 2617 553 2682 invisit
567 2618 670 2701 inaug
684 2617 858 2698 metropolis
868 2618 941 2683 Hooi
949 2633 1051 2701 regem
1064 2614 1120 2702 (1).
1144 2619 1207 2682 Rex
1219 2618 1261 2682 ait
1273 2637 1280 2681 :
1294 2618 1404 2694 senior,
1423 2619 1504 2683 haud

237 2734 337 2798 dissita
354 2732 484 2796 habuisti
498 2732 580 2795 mille
595 2732 690 2796 stadia
706 2733 743 2796 ad
758 2731 954 2807 veniendnm3
976 2747 1014 2795 an
1030 2747 1103 2814 ergo
1119 2747 1189 2795 mon
1208 2731 1366 2795 habebitur
1382 2747 1442 2811 quo
1457 2733 1503 2797 lu·

237 2864 320 2912 erum
335 2845 478 2909 afferatur
492 2860 559 2909 meo
575 2861 670 2927 regno
686 2843 753 2930 (iit
773 2845 918 2909 hientsius
932 2846 1114 2925 respondens
1128 2845 1171 2907 ait
1187 2864 1194 2907 :
1213 2861 1277 2922 rex,
1295 2846 1365 2925 quid
1381 2861 1504 2911 neusse

238 2962 316 3041 loqui
331 2961 470 3024 luorum?
485 2966 533 3023 est
547 2974 619 3023 vero
635 2960 844 3023 hnmanitasot
857 2958 984 3039 iustitia,
998 2964 1029 3022 et
1039 2957 1113 3021 nihii
1128 2958 1220 3022 aliud.
1241 2961 1303 3023 Rex
1318 2959 1389 3023 dicit
1406 2978 1413 3021 :
1431 2959 1504 3038 quid

237 3073 398 3138 inlucmm
420 3072 733 3156 reguome031uaghi
754 3072 949 3155 magistratus
967 3072 1066 3137 dicent
1083 3091 1091 3134 ε
1109 3072 1180 3151 quid
1201 3072 1232 3135 iu
1253 3073 1370 3136 luorum
1392 3079 1503 3135 nostrae

239 3186 371 3261 iamiiiae3
388 3185 510 3250 litterati
526 3190 557 3250 et
571 3185 665 3265 plebei
680 3185 779 3249 dicent
796 3205 804 3248 ε
822 3186 892 3265 qnid
906 3185 938 3249 in
953 3187 1071 3250 lucrum
1086 3191 1195 3250 nostra
1210 3200 1344 3264 persona
1361 3205 1369 3248 ε
1388 3186 1501 3264 superi-

238 3316 315 3377 ores,
332 3299 488 3364 inferiores
502 3298 629 3363 invicem
640 3299 761 3381 exigent
775 3300 901 3377 luorum,
921 3305 953 3363 et
963 3315 1090 3382 regnum
1105 3298 1330 3378 periclitabitur.
1353 3299 1502 3363 indecem

238 3413 363 3477 millium
382 3413 596 3496 quadrigarum
616 3427 721 3494 regno,
743 3413 912 3476 occidentes
931 3412 1084 3492 proprium
1106 3411 1280 3492 principem,
1303 3412 1412 3492 quippe
1431 3421 1503 3476 sunt
1558 3496 1565 3505 Ι

236 3526 318 3604 nulle
332 3526 546 3609 umdrigarnm
562 3525 680 3589 familiae
693 3543 702 3589 x
713 3525 745 3589 in
756 3525 838 3589 milio
853 3525 1067 3607 quadrigarum
1084 3540 1188 3608 regno,
1206 3525 1374 3590 occidentes
1387 3524 1502 3605 propri·

236 3656 287 3703 um
303 3639 475 3720 principem,
495 3646 566 3702 sunt
580 3646 660 3703 corte
675 3647 795 3703 centum
812 3639 1026 3721 quadrigamm
1042 3637 1171 3702 iamiiiae.
1194 3639 1237 3701 iix
1251 3638 1354 3703 deoem
1369 3637 1503 3703 millibus

237 3769 354 3817 sumere
370 3753 463 3829 mille,
480 3768 518 3816 er
532 3752 615 3816 mille
629 3769 748 3817 sumere
763 3759 895 3829 eentum,
912 3753 992 3817 baud
1006 3752 1213 3816 estimandum
1224 3767 1282 3816 noo
1294 3753 1422 3816 multum
1435 3748 1499 3836 (3):

236 3875 266 3930 at
283 3867 307 3930 si
324 3867 375 3930 hat
393 3873 427 3929 nt
447 3864 658 3945 posthabentur
675 3866 790 3945 jnstitia
805 3873 836 3930 et
850 3866 1033 3930 anteferatur
1054 3866 1182 3942 tuorum,
1208 3863 1266 3929 nisi
1285 3866 1420 3930 auferant
1441 3881 1501 3930 nou

235 3981 382 4044 satiantur
398 3977 453 4064 (t).
481 3979 618 4044 Nondum
634 3978 690 4042 iuit
703 3979 770 4058 pins
785 3987 814 4044 et
830 3986 930 4042 tamen
946 3979 1085 4043 deserens
1104 3993 1175 4043 suos
1194 3984 1344 4059 parentes,
1368 3979 1501 4043 nondum

235 4094 291 4158 tuit
302 4094 402 4174 iustos
416 4092 468 4172 qui
478 4098 577 4156 tameo
593 4091 784 4172 posthaberet
798 4109 885 4156 suum
901 4092 1075 4171 principem.
1099 4093 1162 4155 Rex
1177 4092 1281 4175 igitur,
1304 4093 1426 4173 loquere
1445 4093 1500 4155 hu·

234 4223 356 4272 manum
371 4214 402 4271 et
415 4206 542 4287 justum,
558 4212 589 4269 et
603 4205 645 4269 nii
660 4205 741 4270 alind
758 4225 766 4269 ε
783 4205 854 4286 quid
869 4221 990 4270 neeesse
1005 4206 1086 4285 ioqui
1101 4206 1238 4270 luourmt

1241 4414 1487 4427 ss

232 4574 345 4652 quidem
359 4593 422 4634 ense
435 4571 566 4631 contenti
579 4592 587 4629 a
601 4578 633 4630 at
649 4568 729 4630 luae
741 4569 885 4631 inhiantes
904 4571 1032 4631 nondum
1050 4570 1120 4632 satia
1136 4570 1252 4643 habant,
1272 4569 1445 4648 proindeque
1464 4578 1500 4630 ut

232 4696 294 4761 tota
304 4688 420 4750 ratione
433 4685 516 4764 regni
527 4685 686 4764 potiantur,
700 4683 871 4744 interieinnt
883 4684 1023 4764 regulum.
