3554 5642
541 504 637 547 carun
656 502 803 544 3313111311
818 517 859 529 -
871 500 945 542 rana
963 499 1053 543 aaron
1374 486 1433 544 609

173 619 303 684 foverent
317 633 389 683 suos
403 633 499 682 senes.
518 614 770 699 Quinquagenan'i
784 617 848 680 sine
863 614 958 679 serico
968 629 1027 678 non
1043 613 1191 692 calefiunt,
1213 618 1435 698 septuagenarii

171 733 287 797 nonnisi
301 731 441 796 carnibus
455 737 628 794 saturantur
644 750 651 792 :
670 745 729 793 non
746 730 875 794 calefieri
889 744 986 808 neque
1000 727 1140 804 saturari,
1163 728 1271 813 dieitur
1286 730 1389 811 algere
1404 718 1438 796 et'

171 845 378 910 lame-conici.
406 843 442 907 In
456 844 535 909 Wen
555 844 637 926 regis
651 844 760 923 populo
779 858 839 907 non
853 841 981 906 inveniri
996 841 1108 922 frigore
1123 847 1175 904 aut
1190 841 1267 905 lame
1283 842 1435 909 coniectos

171 973 266 1036 senes,
283 957 412 1037 idipsum
427 956 584 1041 significat.

228 1072 279 1136 23.
302 1072 447 1136 ldentsius
456 1071 498 1134 ait
511 1090 518 1133 :
531 1070 562 1134 Si
577 1069 751 1149 expediatur
765 1069 831 1149 eius
845 1085 989 1153 agrorum
1003 1069 1129 1147 cultura,
1150 1064 1355 1149 alleveturqhe
1369 1070 1435 1149 ejus

170 1185 360 1267 vectigalium
375 1183 502 1262 exactio,
519 1185 646 1264 populus
661 1183 769 1263 poterit
784 1183 928 1248 ditescere
941 1203 948 1246 :
962 1182 987 1246 si
997 1197 1067 1247 esus
1081 1182 1120 1246 sit
1127 1183 1212 1261 juxta
1229 1187 1362 1262 tempora
1372 1185 1432 1263 (l),

170 1305 200 1362 et
213 1299 355 1379 impensae
375 1298 538 1363 secundum
558 1298 645 1374 ritae,
669 1312 741 1376 opes
756 1312 815 1361 non
837 1303 977 1377 potemnt
997 1295 1111 1359 absumi
1129 1313 1210 1360 usu:
1230 1297 1356 1376 populus
1371 1298 1435 1364 sine

170 1427 246 1493 aqua
259 1418 291 1476 et
309 1411 380 1495 igne
402 1426 462 1475 non
484 1411 556 1475 vivit
578 1411 682 1486 vitant,
706 1415 736 1474 et
751 1411 798 1474 vel
814 1410 840 1474 si
854 1411 1032 1490 intempesta
1053 1415 1140 1474 nocte
1162 1408 1285 1489 pulsans
1309 1411 1436 1491 alicujus

170 1525 248 1590 iores
257 1532 459 1605 petasoquam
470 1531 500 1589 et
511 1526 623 1607 ignem,
635 1539 793 1588 nemonon
806 1522 902 1599 dabit3
920 1525 1049 1588 3331111113
1059 1522 1139 1587 enim
1154 1522 1316 1587 abundant.
1335 1526 1436 1590 Sancti

169 1639 224 1703 riri
235 1639 476 1704 administrantes
490 1637 648 1718 imperium
664 1637 808 1701 cumbunt
818 1644 851 1701 ut
860 1644 940 1702 esset
953 1638 1052 1718 pisum
1062 1641 1092 1700 et
1102 1637 1230 1701 millium
1245 1635 1339 1701 instar
1351 1654 1436 1718 aqua

170 1759 199 1817 et
212 1752 303 1835 ignis.
326 1752 395 1816 Piso
404 1757 433 1816 31
444 1752 539 1815 millio
553 1757 688 1830 aequante
703 1764 812 1830 aquam
822 1757 852 1815 31
861 1750 976 1833 ignem,
990 1750 1095 1830 jamin
1113 1751 1222 1829 populo
1236 1750 1288 1830 qul
1302 1750 1436 1817 invenies

169 1866 370 1931 inhumanos?

227 1979 280 2043 24.
302 1978 447 2043 Mentsius
461 1979 503 2042 ait
520 1999 528 2040 ε
546 1977 714 2054 conludius,
738 1993 901 2043 conscenso
920 1977 1057 2042 orientali
1077 1983 1187 2056 monte,
1214 1976 1277 2056 jam
1292 1978 1436 2061 exiguum

170 2091 357 2157 existimabat
367 2107 493 2174 regnum
504 2091 1432 2173 11333333333331131133313,3333333313113113133113131

170 2205 247 2270 unde
271 2205 454 2286 prospiciens
476 2205 508 2268 in
533 2220 624 2281 mare,
651 2205 701 2267 vix
726 2205 873 2284 reputabit
896 2204 971 2269 31133
991 2219 1093 2284 aquas,
1123 2211 1260 2268 versatus
1283 2205 1314 2269 in
1340 2207 1434 2272 sancti

169 2316 226 2382 riri
240 2319 355 2395 schola,
372 2318 423 2381 rix
437 2318 585 2399 reputabit
599 2318 674 2383 alios
689 2333 853 2383 sermones.
870 2317 910 2382 At
918 2317 1079 2399 aspiciendi
1088 2332 1182 2398 aquas
1195 2318 1296 2383 existit
1310 2334 1433 2398 norma;

170 2438 287 2512 oportet
300 2432 433 2511 aspicere
442 2431 507 2510 ejus
516 2439 607 2496 estus
619 2451 627 2494 :
640 2432 703 2496 sole
712 2438 743 2496 et
753 2432 824 2495 lnna
833 2431 1011 2496 habentibus
1023 2432 1136 2508 lucem3
1155 2430 1325 2510 recipientia
1337 2434 1436 2499 radios

170 2545 337 2611 necessario
351 2545 568 2609 illuminantur.
594 2545 649 2608 Sed
665 2553 695 2608 et
711 2544 806 2609 luens
819 2560 897 2625 aqna
912 2560 960 2611 res
974 2550 1031 2621 est,
1049 2560 1114 2624 nraae
1129 2544 1186 2608 nisi
1202 2545 1333 2624 impletis
1348 2546 1436 2612 lossis

170 2674 228 2723 non
239 2659 430 2741 progreditur
442 2678 450 2722 ε
463 2658 614 2739 sapientia
623 2659 774 2723 studiosus
782 2656 940 2723 intendens
949 2659 986 2722 ad
997 2657 1219 2738 perfectionem,
1231 2657 1290 2722 nisi
1299 2659 1435 2725 absoluta

169 2772 318 2837 interioris
332 2774 445 2854 gradm
459 2770 611 2851 politione,
628 2772 666 2835 ad
680 2772 817 2837 altiorem
832 2787 892 2836 non
907 2771 1060 2836 contendit
1075 2767 1132 2856 (2).

226 2886 281 2951 25.
303 2887 448 2951 Mentsius
463 2885 504 2948 ait
516 2906 524 2948 :
538 2886 588 2966 qui
598 2886 635 2949 ad
650 2886 721 2968 galli
737 2893 858 2950 cantum
873 2901 1002 2968 surgens
1016 2900 1134 2949 summa
1148 2885 1302 2968 diligentia
1317 2895 1436 2952 exercet

169 3000 323 3075 vitutem,
349 2999 538 3079 imperatoris
566 2999 666 3063 Ghoen
695 3013 807 3078 sequax
836 3006 882 3063 est
913 3019 920 3061 :
953 2999 1003 3078 qui
1030 2999 1068 3061 ad
1092 2998 1277 3081 gallicinium
1307 3016 1435 3084 surgens

170 3127 287 3176 summa
309 3113 466 3177 sedulitate
487 3112 634 3177 allaborat
657 3113 748 3189 lucro,
779 3112 903 3176 latronis
927 3112 1009 3176 'lohe
1030 3120 1077 3176 est
1097 3128 1219 3192 sequax.
1248 3112 1279 3176 Si
1298 3113 1344 3177 vis
1359 3114 1436 3179 33113

169 3225 268 3290 choen
284 3227 322 3289 ad
336 3226 418 3290 Tche
432 3225 627 3290 differentiam
643 3241 703 3290 non
717 3232 763 3290 est
777 3225 837 3289 alia
850 3242 887 3290 ac
900 3225 977 3290 lucri
990 3226 1168 3305 virtutisque
1181 3225 1383 3292 intervallum.

226 3338 280 3404 26.
304 3340 447 3403 1113313133
461 3340 503 3402 311
521 3358 528 3401 :
546 3315 637 3422 Yang
651 3338 817 3418 philosophi
832 3345 1019 3419 assumptum
1034 3345 1094 3403 stat
1108 3354 1162 3418 pro
1176 3338 1260 3420 upo,·
1282 3326 1434 3407 311113131-

169 3452 231 3518 1313
246 3468 340 3517 nnum
357 3452 449 3532 pilum
464 3453 495 3516 13
509 3454 698 3518 commodum
713 3451 829 3532 imperii
844 3453 1035 3517 3331333131.
1059 3451 1107 3517 Μ3
1122 3453 1316 3533 philosophus
1330 3470 1436 3520 omnes

169 3582 252 3646 aque
267 3571 365 3643 amat;
382 3573 536 3633 conterere
550 3566 902 3646 13331333333113133,
926 3564 1249 3646 313131313311333113,
1265 3567 1432 3633 1111333131.

207 3922 253 3996 (1)
275 3929 312 3989 V.
326 3950 354 4008 g.
369 3930 457 4008 pisces
470 3931 593 3990 nondum
609 3928 721 3989 adultos
734 3949 793 3988 non
808 3948 917 4007 capere.

207 4034 256 4113 (2)
275 4042 335 4102 Hic
348 4044 470 4121 primum
493 4043 694 4122 perfectionem
711 4062 771 4102 esse
795 4042 966 4120 profundam
990 4041 1145 4104 asseritur:
1160 4044 1303 4104 deineam
1328 4042 1434 4104 habere

170 4156 325 4233 originem
338 4176 405 4215 num
418 4157 480 4216 sine
494 4157 602 4234 origine
616 4175 698 4234 aquae
712 4155 823 4228 fluctus,
834 4164 863 4214 et
872 4175 964 4215 rernm
978 4153 1170 4216 illuminatio?
1180 4167 1214 4217 et
1223 4157 1309 4216 tertio
1319 4158 1434 4217 nonnisi

169 4287 219 4347 per
230 4268 339 4348 grodm
352 4288 412 4329 eoae
427 4270 625 4348 arripiendam.

171 4596 236 4710 (ᾗ
266 4622 366 4696 Monte,
390 4632 515 4701 tangere,
536 4622 672 4702 palpare:
687 4631 785 4698 terere,
916 4627 962 4684 64.

267 4735 400 4815 langore
414 4736 585 4816 :diligenter
598 4745 729 4798 31333.
746 4738 783 4797 a.
819 4710 885 4825 Ἱῇ
914 4738 1001 4811 unu,
1016 4744 1122 4797 vena.
