3574 5664
556 526 652 571 onnon
673 525 806 572 murmur
817 542 859 555 -
870 525 946 570 rans
962 526 1125 570 rosnuaron
1416 514 1474 574 253

203 640 260 705 hoc
279 640 322 704 ita
342 641 422 705 erit?
450 640 572 721 Sapiens
596 639 705 720 polerit
728 639 891 716 admoveri,
918 656 977 705 non
1003 641 1112 720 poterit
1136 641 1313 725 praecipitari
1335 658 1342 707 ε
1364 640 1475 723 poterit

203 754 310 835 decipi,
327 769 389 820 non
406 754 516 834 poterit
531 753 708 818 hallucinari
724 749 780 839 (l).

261 868 315 933 25.
339 867 540 949 Philosophus
558 866 625 930 ait:
642 868 761 947 sapiens
782 867 843 932 lata
863 867 1008 933 incumbit
1022 868 1053 931 in
1068 868 1235 945 scientiam,
1256 874 1287 934 et
1302 870 1475 935 moderatur

205 997 270 1047 eam
285 982 323 1046 ad
338 981 506 1046 honestatis
521 982 620 1063 legem
638 981 739 1061 sicque
755 981 863 1061 poterit
877 998 937 1046 non
953 982 1099 1064 refragari
1114 982 1276 1062 sapientia.

262 1095 316 1159 26.
340 1095 500 1160 doniucius
514 1094 616 1158 invisit
630 1094 696 1159 Nan
713 1102 774 1171 lsa;
791 1096 850 1159 Tse
865 1097 916 1160 lou
930 1095 1031 1175 inique
1046 1095 1115 1159 tuht
1131 1115 1139 1158 :
1157 1094 1315 1160 conmotus
1329 1096 1473 1177 impreca-

205 1216 254 1275 tus
268 1211 312 1273 ait
328 1228 336 1273 t
355 1209 381 1273 si
395 1215 443 1274 est
458 1207 536 1289 quod
550 1222 609 1290 ego
624 1208 756 1288 peccavi,
774 1209 883 1272 oculum
899 1224 947 1273 mc
964 1208 1088 1288 rejiciat,
1107 1225 1155 1273 mc
1170 1208 1285 1289 rejiciat
1301 1205 1356 1293 (2).

262 1323 316 1389 27.
340 1322 539 1410 Philosophus
558 1321 601 1385 ait
618 1340 625 1385 :
643 1321 797 1400 aequahllis
821 1322 911 1386 medii
934 1322 1042 1400 uirtus,
1069 1337 1168 1388 nonne
1191 1322 1243 1389 illa
1268 1338 1386 1388 summa
1407 1328 1475 1390 estc

205 1436 366 1502 Hominum
382 1451 545 1516 paucomm
560 1441 618 1511 est,
636 1441 666 1499 et
678 1435 864 1514 jamdudum.

262 1550 315 1615 28.
340 1548 399 1614 Tse
419 1549 502 1632 long
521 1549 564 1612 ait
585 1568 592 1612 :
618 1548 644 1613 si
663 1549 703 1612 sit
721 1548 772 1627 qui
793 1549 853 1614 late
872 1548 1022 1614 henehcus
1041 1549 1071 1612 ln
1093 1550 1248 1630 populum,
1272 1549 1362 1614 ctiam
1381 1550 1477 1631 possit

205 1663 343 1730 omnihus
365 1663 517 1743 opitulari,
538 1663 566 1726 is
585 1661 756 1743 quomodo?
776 1676 814 1725 an
835 1662 944 1742 poterit
964 1662 1021 1727 dici
1040 1663 1293 1743 philanthropusl
1317 1663 1476 1728 dontucius

205 1777 247 1841 ait
264 1797 271 1841 :
290 1779 341 1856 qul
356 1777 424 1859 agis
433 1777 471 1840 dc
480 1776 701 1861 philanthropia
713 1780 727 1838 l
741 1781 773 1839 ut
788 1792 886 1843 nonne
902 1777 1070 1857 requiretur
1085 1781 1229 1840 sanctusl
1245 1776 1309 1841 Yao
1319 1784 1350 1840 et
1360 1777 1473 1855 choen,

205 1891 249 1955 illi
263 1892 361 1956 adhuc
376 1889 553 1957 laborabant
561 1891 598 1954 de
608 1890 666 1959 hoc
677 1885 732 1973 (3),
752 1889 984 1970 Philanthropus
999 1891 1103 1955 volens
1113 1889 1176 1969 ipsc
1191 1890 1366 1966 consistere,
1384 1889 1475 1954 etiam

206 2004 294 2087 erigit
307 2005 405 2080 alios;
423 2004 528 2068 volens
547 2003 610 2084 ipse
625 2010 792 2082 penetrare,
814 2004 904 2071 ctiam
924 2011 1080 2083 promovet
1094 2004 1193 2068 alios:
1216 2019 1303 2083 posse
1317 2003 1354 2071 ab
1368 2003 1476 2070 intimo

207 2118 251 2181 sui
265 2132 385 2184 sumere
401 2117 584 2198 exemplum,
601 2117 632 2181 id
646 2116 803 2182 dicendum
818 2117 1048 2199 philanthropiae
1063 2123 1175 2183 tessera
1192 2114 1248 2203 (4).

554 2399 763 2503 CAPUT
800 2398 1124 2515 domuum,

263 2689 467 2770 Philosophus
484 2687 552 2750 ait:
573 2685 670 2751 refero
690 2691 721 2749 at
740 2700 800 2749 non
820 2700 911 2761 creo;
932 2686 1021 2752 credo
1035 2693 1067 2749 at
1080 2700 1149 2750 amo
1164 2685 1384 2765 antiquitatem,
1402 2687 1478 2753 mihi

210 2819 330 2867 sumens
344 2801 506 2867 assimilari
521 2817 589 2865 cum
605 2815 672 2864 meo
689 2800 748 2865 huo
762 2803 859 2881 p‘ong
875 2796 885 2884 (
908 2796 931 2882 ).

266 2916 297 2980 2.
320 2915 521 2993 Philosophus
536 2914 578 2978 ait
595 2934 602 2976 :
621 2912 757 2977 meditari
772 2913 931 2991 animoque
945 2913 1111 2978 doctrinam
1127 2913 1262 2994 infigere,
1280 2914 1432 2981 addiscere
1446 2922 1479 2980 et

211 3016 270 3095 non
285 3029 430 3106 fastidire,
447 3027 603 3092 instituere
617 3028 692 3091 alios
707 3032 737 3090 et
751 3041 811 3090 non
827 3026 960 3104 delicere,
981 3025 1086 3106 ecquid
1101 3020 1294 3094 inveniuntur
1307 3027 1339 3095 in
1350 3044 1398 3093 mo
1409 3024 1477 3113 (6)l

252 3385 297 3465 (1)
317 3390 404 3453 Potes
416 3391 525 3452 officere
536 3391 691 3470 utsapiens
704 3401 761 3464 eat,
774 3408 834 3449 non
844 3398 877 3448 ut
887 3408 917 3449 so
927 3388 976 3449 det
986 3390 1157 3468 praecipitem
1169 3412 1176 3449 :
1189 3398 1282 3468 potest
1297 3391 1372 3451 enim
1386 3392 1479 3471 decipi

212 3508 287 3570 circa
300 3506 417 3578 facium,
435 3524 494 3565 non
508 3505 582 3565 circa
595 3504 637 3564 saa
650 3502 821 3564 hallucinari
835 3528 843 3565 ε
858 3503 945 3579 probe
958 3503 1063 3581 quippo
1076 3504 1138 3577 scit,
1153 3523 1183 3562 oa
1196 3503 1283 3564 semel
1306 3505 1480 3584 praecipitem

208 3620 272 3699 jam
284 3639 343 3679 non
357 3638 437 3698 pomo
450 3616 560 3677 homini
574 3618 645 3678 serre
658 3617 810 3695 suppetias.
845 3593 885 3677 i:
898 3617 1048 3694 corrigitur
1066 3594 1118 3677 Ᾱ.

254 3726 298 3805 (2)
317 3732 387 3792 Nan
400 3740 453 3806 iso,
468 3728 534 3791 wei
546 3729 638 3810 reguli
651 3703 707 3803 (ff
718 3706 761 3791 ss
775 3706 831 3801 ὦ)
842 3729 960 3808 perditis
976 3730 1101 3790 moribus
1114 3747 1196 3804 uxor,
1213 3728 1378 3792 Oonfncium
1392 3732 1479 3793 adno-

212 3854 337 3907 carent

255 3951 299 4029 (3)
321 3957 458 4018 Veientes
471 3957 548 4017 enim
562 3956 693 4016 omnibus
706 3976 874 4029 succurrere,
895 3954 930 4015 de
943 3954 1021 4017 iacto
1034 3977 1092 4020 non
1106 3966 1247 4035 poteraut.
1270 3934 1327 4026 ff,
1340 3957 1389 4019 hio
1403 3955 1480 4018 calet

216 4051 257 4133 Ζ
273 4095 281 4132 s
295 4071 446 4132 universim
461 4090 529 4148 ergo
541 4069 603 4130 haeo
615 4067 755 4148 particula
770 4074 803 4132 lt>
820 4069 896 4130 vaiet
909 4047 970 4142 iii,
985 4074 1019 4136 2?
1034 4069 1111 4129 valet
1124 4046 1183 4144 αἶ,
1197 4074 1231 4137 32
1245 4072 1380 4132 dubitans
1392 4073 1480 4132 inter·

214 4195 308 4266 rogat,
322 4191 357 4253 49
371 4193 416 4246 est
429 4183 583 4243 auxiliaris.

254 4293 301 4371 (4)
326 4277 383 4371 il,
404 4296 476 4357 alias
495 4296 707 4377 philanthropia
720 4317 771 4358 seu
783 4296 908 4358 charitas
925 4305 968 4357 ost
989 4296 1134 4371 naturalis,
1149 4297 1220 4357 alias
1238 4299 1358 4359 interior
1369 4307 1399 4358 et
1413 4316 1480 4359 vera

214 4413 359 4495 perfectio,
372 4431 430 4490 qna
442 4409 684 4471 mandaturum
698 4419 862 4471 constanter
874 4429 1031 4486 sequamur.
1046 4386 1105 4484 st,
1120 4430 1139 4469 α
1148 4414 1283 4488 proclam,
1298 4430 1348 4472 son
1361 4430 1380 4470 a
1392 4428 1428 4470 ss.

256 4517 301 4595 (5)
322 4524 384 4584 Lao
398 4512 494 4604 p‘ong‚
507 4524 733 4603 sapientissimus
744 4524 885 4601 dynastia
900 4523 1006 4601 Chang
1018 4523 1164 4603 toparcha,
1181 4524 1232 4601 qni
1245 4525 1294 4585 diu
1308 4523 1413 4584 vixisse
1424 4523 1478 4584 for·

216 4649 273 4701 tur.
295 4612 337 4702 ff
349 4639 402 4698 ehi
414 4657 557 4719 cropore,
570 4635 740 4697 humilitatis
754 4643 798 4697 est
811 4655 877 4698 vox.

258 4745 302 4825 (6)
323 4729 380 4817 W
392 4752 467 4829 lohe,
480 4751 620 4813 momoria
631 4756 737 4813 tauers
