3572 5650
644 789 759 853 NOTA
787 792 821 852 di
849 788 1120 853 OOSMOGONIA
1147 788 1300 851 SINIOA.

865 988 1079 1029 —0020300—

381 1166 537 1231 Undecimi
558 1164 659 1227 Saeculi
681 1165 812 1237 exordiis,
833 1184 909 1224 nova
923 1166 952 1224 in
968 1164 1045 1225 Sinis
1058 1174 1159 1224 exorta
1172 1174 1214 1224 est
1228 1161 1333 1235 schola,
1347 1183 1408 1240 qum
1423 1161 1603 1223 Consuciauo

341 1284 372 1341 in
384 1281 457 1341 libro
481 1280 672 1340 Mutationum
695 1287 775 1338 textu
798 1278 910 1349 innixa,
932 1298 1039 1338 novum
1061 1297 1155 1338 rarum
1178 1277 1346 1355 principium
1366 1284 1410 1335 est
1427 1284 1602 1336 commenta.

342 1396 379 1455 Iu
393 1416 427 1455 ea
441 1395 617 1454 emicuerunt
630 1391 819 1451 litteratorum
833 1401 989 1452 summates
1002 1380 1132 1468 T‘cheug
1142 1404 1184 1451 tse
1196 1366 1237 1453 ᾖ
1251 1368 1330 1452 :fet
1344 1388 1444 1450 Tchou
1454 1389 1484 1448 hi
1493 1365 1537 1451 ᾗ
1549 1364 1603 1461 ᾗ,

342 1528 414 1585 quos
435 1508 501 1568 dein
522 1506 613 1566 secuti
626 1509 664 1563 42
678 1505 816 1579 doctores,
837 1525 901 1564 curn
922 1504 1023 1564 libmm
1038 1506 1111 1582 Sing
1122 1504 1143 1564 li
1158 1514 1189 1564 ta
1201 1492 1302 1564 t‘siuen
1318 1479 1358 1566 'st
1375 1482 1417 1563 ἓ
1433 1483 1475 1568 J<
1491 1480 1531 1557 ἒ
1543 1501 1604 1562 elu-

342 1622 505 1682 cubrarunt.
537 1620 705 1698 Supremum
718 1617 790 1677 illud
803 1618 981 1697 principium,
994 1628 1136 1693 qnatenus
1147 1618 1178 1677 in
1192 1638 1222 1677 se
1235 1625 1394 1694 spectatum
1408 1616 1499 1676 limite
1512 1623 1604 1686 caret,

342 1753 539 1810 summumque
552 1742 595 1792 est
608 1751 700 1791 rernm
714 1732 838 1790 omnium
852 1739 946 1808 caput,
961 1731 1065 1790 dicitur
1079 1730 1123 1791 Ou
1137 1729 1168 1789 ki
1183 1704 1221 1793 ff
1241 1706 1341 1794 fisci
1355 1717 1418 1788 T‘ai
1433 1730 1462 1789 ki
1481 1706 1521 1789 ᾗ(
1537 1703 1602 1791 ff:

343 1855 482 1924 quatenus
494 1845 526 1906 dt
538 1866 624 1905 causa
636 1844 769 1917 efficiens,
782 1853 811 1904 et
824 1844 854 1902 in
867 1863 898 1903 se
910 1863 1004 1905 rorum
1018 1844 1145 1903 omnium
1167 1846 1295 1905 continet
1316 1844 1461 1915 essentias,
1484 1849 1604 1901 vocatur

345 1961 383 2021 Li
396 1939 439 2019 ἓ
452 1960 498 2018 sel
512 1960 575 2018 Tuo
590 1933 633 2016 ἦ
646 1981 653 2017 :
670 1967 808 2034 quatenus
821 1965 864 2016 est
877 1977 963 2017 cansa
976 1957 1140 2032 materialis,
1154 1960 1320 2034 cutibusque
1333 1956 1460 2033 impertit
1472 1956 1604 2015 substan·

344 2075 416 2133 tinm
431 2081 460 2132 et
474 2075 571 2144 vitam,
595 2069 754 2149 appellatur
768 2058 817 2130 K‘i
833 2043 882 2129 ᾗ
926 2071 990 2130 Hoc
1011 2071 1100 2149 igitur
1120 2072 1263 2132 vivificans
1286 2070 1467 2143 elementum,
1491 2056 1549 2139 K‘i,
1563 2067 1603 2127 ad

345 2195 442 2247 actum
462 2186 623 2257 deveniens,
645 2184 717 2243 duos
729 2183 840 2243 inducit
861 2185 968 2256 modos,
991 2183 1079 2262 Yang
1090 2194 1120 2246 et
1132 2185 1181 2244 Yn
1205 2161 1266 2256 (Ε
1284 2158 1361 2256 Ε),
1383 2184 1513 2259 quisunt
1526 2181 1604 2241 bine

344 2301 430 2380 primi
452 2299 583 2378 principii
602 2296 710 2370 forma,
728 2305 758 2356 et
773 2298 949 2357 constituunt
972 2298 1139 2377 principium
1164 2299 1318 2378 perfectum
1335 2305 1364 2357 et
1381 2294 1602 2375 imperfectum:

345 2413 407 2473 hteo
416 2414 470 2472 duo
481 2410 619 2490 principia
631 2411 755 2488 gignunt
766 2411 889 2489 quinque
902 2409 1051 2485 elementa,
1062 2413 1212 2489 exquibus
1225 2411 1322 2471 omnia
1334 2411 1413 2471 entia
1430 2409 1601 2469 conflantur.

346 2526 428 2585 Illius
440 2523 595 2584 materialis
615 2510 665 2582 K‘i
678 2524 808 2602 principii
821 2543 886 2603 pars
899 2525 995 2602 purior
1008 2533 1094 2600 atque
1107 2526 1237 2586 subtilior
1249 2532 1293 2585 est
1306 2524 1404 2583 anima
1422 2515 1520 2592 (Hoen
1536 2495 1603 2592 ἢ),

345 2639 482 2717 impurior
491 2645 521 2697 et
530 2637 648 2697 crassior
662 2646 706 2697 est
719 2657 817 2715 corpus
830 2622 904 2707 (P‘c
920 2611 980 2706 m)
992 2661 999 2698 ε
1013 2641 1081 2698 nnio
1094 2640 1234 2714 utriusque
1247 2637 1381 2698 elementi
1391 2645 1434 2696 est
1445 2636 1520 2713 vita3
1535 2653 1603 2693 cum

347 2747 396 2812 K‘i
410 2760 565 2829 separatur,
579 2751 609 2810 fit
623 2769 707 2810 mors.
728 2750 776 2809 Ita
789 2751 957 2810 recentiores
970 2749 1090 2811 litterati
1104 2727 1166 2822 (ii
1182 2728 1251 2821 ᾗ).

388 2864 430 2924 At
443 2865 621 2941 antiquorum
634 2863 772 2936 doctrina,
785 2862 852 2923 licet
865 2863 1074 2943 metaphysicos
1087 2874 1240 2945 conceptus
1253 2865 1329 2924 clare
1342 2863 1472 2924 definitos
1481 2864 1512 2922 in
1527 2860 1604 2921 Sini-

346 2979 387 3038 ois
407 2979 517 3057 scriptis
538 2976 643 3036 frustra
663 2997 750 3054 nsque
770 2977 927 3052 conquiras,
947 2979 1149 3055 congruentius
1164 2988 1262 3038 tamen
1275 2985 1368 3055 potest
1382 2975 1526 3056 explicari
1548 2973 1605 3034 Sn-

347 3111 460 3171 premus
483 3088 588 3151 scilicet
613 3090 784 3149 Dominator
805 3066 862 3157 (Ji
886 3071 956 3164 yffi),
977 3091 1107 3169 spiritum
1121 3089 1132 3160 (
1144 3065 1205 3159 ἦ)
1218 3090 1365 3152 insufflans
1381 3093 1413 3150 iu
1428 3088 1605 3169 primitivam

347 3205 497 3265 materiam
511 3179 575 3274 (di
591 3182 662 3276 ff),
675 3223 739 3263 eam
760 3203 867 3283 duplici
887 3203 1034 3282 principio,
1057 3205 1181 3282 perfecto
1195 3179 1277 3276 (ig)
1291 3212 1320 3264 et
1342 3205 1507 3283 imperfecto
1520 3177 1604 3274 (Ε)

347 3318 537 3395 foecundavit3
557 3338 622 3395 quae
635 3324 770 3395 concepto
783 3325 872 3390 motu,
887 3315 1125 3395 homogeneisque
1145 3316 1290 3377 moloculis
1302 3317 1333 3377 in
1347 3338 1433 3377 unum
1446 3315 1606 3377 coalescen-

348 3432 432 3504 tibus,
455 3431 578 3508 quinque
598 3431 747 3503 elementa,
769 3431 888 3505 indeque
911 3430 1038 3503 Terram,
1060 3432 1271 3509 produxerunt3
1293 3430 1486 3491 subtilioribus
1508 3439 1605 3490 antem

349 3543 490 3604 molemlis
503 3563 611 3603 sursum
624 3544 843 3620 assurgentibus,
859 3541 969 3602 Goelum
983 3543 1177 3604 efformarunt.
1201 3544 1313 3605 Medius
1326 3564 1392 3604 vero
1405 3545 1480 3603 inter
1494 3541 1606 3604 Ocelum
1698 3572 1701 3575 ¹

348 3667 378 3718 ct
392 3657 509 3718 Terram
523 3666 567 3716 cst
582 3658 687 3728 Homo,
698 3676 762 3732 quae
776 3657 833 3715 tria
845 3657 1023 3716 constituunt
1038 3666 1094 3717 tres
1107 3658 1306 3737 procreatrices
1318 3657 1469 3736 potentias,
1483 3677 1533 3716 seu
1546 3664 1606 3716 tres

348 3772 503 3850 precipuos
524 3778 641 3849 agentes
653 3746 713 3841 (Ξ
733 3749 773 3832 Ji*
782 3760 803 3835 ).
818 3804 859 3815 -
874 3768 1001 3830 Accessit
1022 3769 1085 3830 Fon
1099 3770 1130 3829 hi
1143 3794 1150 3831 ε
1164 3770 1219 3832 sibi
1241 3771 1403 3849 apparuisse
1423 3771 1464 3829 ait
1477 3791 1493 3831 e
1506 3790 1607 3830 croceo

350 3883 434 3942 fluvio
455 3884 616 3943 Draconem
637 3903 751 3960 equum,
771 3884 851 3962 cujus
870 3882 954 3943 dorso
975 3883 1110 3963 inscripta
1130 3903 1237 3963 mappa
1251 3859 1345 3946 ΠΙ
1373 3881 1458 3954 (vide
1479 3883 1607 3944 tabulam

350 3986 439 4069 5⁸¹⁰),
452 3995 606 4057 exhibebat
618 3997 688 4055 duas
700 3996 806 4055 formas
821 3974 859 4057 ᾖ
877 3976 930 4067 ff,
943 4005 1067 4072 quatuor
1076 3998 1216 4075 imagines
1233 3980 1267 4055 ΙΒ
1289 3971 1340 4069 ᾗ,
1354 4006 1384 4057 et
1397 4004 1460 4057 octo
1474 3999 1608 4075 trigram-

350 4116 431 4169 mata
445 4092 487 4167 lb
501 4088 554 4173 ii·
577 4111 613 4170 In
626 4109 671 4169 his
692 4109 907 4171 scientificornm
929 4108 1134 4171 elementorum
1154 4109 1285 4188 symbola
1307 4109 1370 4169 Fon
1383 4110 1414 4169 hi
1427 4112 1607 4189 introspexit,

350 4223 568 4301 compositisque
582 4243 632 4302 per
646 4223 754 4283 variam
766 4223 1006 4283 combinationem
1017 4227 1055 4284 64
1065 4223 1355 4302 bexagrammatibus,
1372 4222 1444 4285 Coeli
1459 4225 1608 4303 Terraque
1674 4211 1678 4217 ¹

351 4335 542 4414 Hominisque
554 4338 684 4397 notiones
698 4336 845 4415 expressit,
858 4354 922 4411 quse
935 4335 965 4394 in
978 4335 1049 4396 libro
1067 4336 1262 4396 Mutationnm
1283 4336 1432 4397 habentur.
1452 4370 1494 4383 —
1507 4336 1609 4399 Sedet

352 4446 401 4508 Yn
409 4449 462 4510 sibi
474 4451 632 4529 appamisse
639 4450 714 4510 dixit
723 4471 739 4510 e
749 4447 794 4508 Lo
804 4449 891 4508 fluvio
899 4450 1078 4524 testudinem,
1087 4469 1192 4528 mappa
1201 4450 1271 4509 item
1281 4450 1445 4529 inscriptam
1456 4424 1531 4523 (ἢ)
1538 4427 1608 4528 ff),

352 4581 390 4622 ex
402 4582 458 4639 qna
470 4563 544 4624 eruti
556 4583 669 4642 magnas
682 4561 801 4643 Regula
814 4535 878 4634 (di
890 4540 954 4628 ᾖ)
966 4582 1069 4623 novem
1091 4562 1212 4639 articuli,
1225 4583 1243 4621 a
1257 4563 1385 4643 sapiente
1398 4563 1439 4624 Ki
1452 4573 1495 4626 tse
1508 4566 1608 4647 expla-

353 4675 424 4751 nati,
437 4683 466 4736 ct
479 4696 555 4737 nuno
567 4678 598 4737 in
610 4675 683 4739 libro
698 4675 855 4738 Annalium
868 4677 975 4739 inserti.
