3572 5650
720 599 952 650 anonumum
1416 603 1469 651 v11

158 704 299 775 noster,
315 706 356 766 ut
368 699 496 781 utrique
506 699 660 764 commodo
670 698 849 775 subservire,
865 707 1025 777 utrumque
1035 697 1256 762 incommodum
1266 700 1383 763 amoliri
1393 700 1468 764 nite·

163 854 304 913 remum
326 841 517 920 nullumque
527 846 573 904 sat
583 838 741 905 excitatum
756 838 911 920 ingenium
928 838 992 902 iore
1001 837 1149 915 existimo,
1167 839 1226 916 oui,
1243 840 1331 904 modo
1347 855 1469 904 cursum

167 979 298 1060 abipso
316 982 410 1046 aditu
425 981 507 1079 serio
521 980 650 1056 iniverit,
675 979 895 1058 continentique
909 979 1071 1043 attentione
1089 979 1223 1062 singulas
1238 986 1392 1060 percurrat
1407 995 1470 1044 me·

172 1124 237 1196 tas,
262 1119 428 1200 impervia
451 1120 582 1199 supersit
596 1117 722 1198 alieuius
738 1124 835 1185 textus
854 1118 1025 1182 sententia.-
1042 1118 1191 1195 deterum,
1208 1119 1255 1183 vel
1271 1117 1296 1181 si
1311 1119 1471 1199 aliquando

177 1257 209 1322 id
222 1266 360 1337 praeter
381 1257 583 1323 intentionem
604 1261 737 1321 nostram
757 1256 845 1321 alicui
864 1256 1029 1332 obveniret,
1053 1264 1125 1320 tunc
1144 1257 1233 1322 etiarn
1249 1257 1279 1321 id
1293 1258 1379 1322 unice
1393 1258 1470 1322 toret

181 1394 451 1472 concludendum,
469 1394 634 1473 subjectam
649 1400 762 1470 notam,
780 1407 855 1473 quae
870 1393 926 1474 ipsi
940 1393 978 1457 ad
993 1409 1057 1457 rem
1073 1400 1271 1472 succurreret,
1281 1393 1442 1459 desiderari
1459 1415 1468 1459 ε

185 1539 218 1595 31
233 1532 316 1596 illud
332 1548 431 1612 usque
446 1538 505 1596 stet
520 1531 617 1608 uobis,
639 1531 811 1596 methodum
826 1533 904 1596 banc
918 1532 954 1595 de
968 1530 1059 1596 verbo
1074 1530 1282 1607 transterendi,
1304 1533 1356 1596 uni
1370 1532 1471 1597 diffiei-

188 1669 253 1734 lem
269 1669 464 1747 translatori,
481 1669 613 1734 studenti
627 1685 692 1733 esse
708 1683 797 1749 quam
812 1684 888 1749 quae
903 1669 1031 1733 manime
1046 1670 1300 1748 peraccomodam.

282 1808 374 1872 Nunc
389 1807 414 1871 si
430 1814 528 1893 petas,
552 1824 607 1871 our
628 1807 760 1872 studium
784 1808 976 1875 classicorum
998 1823 1058 1872 non
1079 1808 1178 1887 potius
1195 1824 1213 1871 a
1229 1808 1421 1887 facilioribus,
1439 1816 1472 1875 ut

195 1945 275 2011 torte
292 1943 401 2009 tertius
412 1945 459 2008 vel
472 1952 597 2024 quartus
612 1952 702 2020 esset,
720 1943 887 2022 inchoetur,
905 1945 1034 2010 validam
1049 1946 1194 2010 rationem
1205 1962 1264 2011 non
1275 1910 1370 2011 babeo
1380 1962 1472 2028 appo·

198 2081 331 2147 neudam
348 2102 356 2144 ε
373 2082 426 2146 sod
441 2097 510 2146 curu
525 2081 562 2145 de
574 2082 632 2146 boc
644 2081 740 2144 variet
754 2097 837 2158 usus,
855 2081 1000 2158 ordinem,
1018 2097 1077 2161 quo
1092 2081 1226 2162 dispositi
1241 2090 1322 2161 sunt,
1340 2084 1469 2149 servavi.

201 2218 355 2296 Ceterum,
371 2220 451 2300 quod
464 2219 586 2285 brevius
599 2227 630 2283 et
646 2220 746 2302 paullo
760 2218 940 2285 fastidiosius
955 2226 1012 2297 est,
1030 2219 1061 2283 id
1073 2219 1175 2300 jejuno
1191 2220 1316 2303 aggredi
1330 2237 1394 2299 ore,
1411 2222 1472 2287 ior·

200 2365 284 2424 tasse
299 2360 380 2425 baud
394 2376 517 2440 prorsus
531 2359 726 2426 disconducit.

290 2495 331 2561 At
345 2498 376 2562 in
390 2504 579 2564 antecessum
594 2498 721 2577 praeviae
735 2504 813 2563 uotae
828 2503 898 2563 sunt
912 2499 1056 2581 legendae.
1079 2499 1153 2563 Sunt
1169 2499 1248 2563 enim
1261 2499 1362 2580 plures
1376 2500 1471 2565 notio·

200 2652 270 2713 nes,
296 2635 403 2716 quidm
423 2635 615 2717 antiquorum
638 2636 747 2717 scripta
762 2637 804 2701 ita
818 2636 930 2717 passim
951 2643 1164 2719 asperguntur,
1181 2645 1215 2701 ut
1229 2637 1286 2700 nisi
1302 2636 1473 2718 exploratas

200 2792 256 2843 eas
272 2777 394 2854 babeas,
417 2777 530 2858 pluries
545 2793 598 2857 pes
612 2777 741 2843 odendat
761 2793 882 2845 necesse
897 2776 945 2842 sit.
969 2778 1009 2841 Ut
1023 2778 1116 2863 igitur
1131 2744 1315 2861 longioribus
1329 2779 1408 2844 notis
1422 2780 1473 2845 bic

199 2919 267 2982 illic
286 2916 504 3000 ingeminandis
528 2933 693 2997 parcerem,
720 2934 826 2998 resque
840 2918 871 2984 iu
886 2934 981 2985 unum
1003 2925 1194 2998 prospectum
1218 2925 1337 2983 coactae
1358 2917 1473 2996 majore

202 3056 319 3121 lumine
335 3054 554 3133 suffundantur,
572 3070 648 3135 quae
662 3056 759 3138 magls
775 3057 941 3122 necessaria
957 3052 1034 3121 sellu
1049 3064 1129 3135 sunt,
1141 3057 1247 3137 inipso
1261 3058 1360 3137 operis
1374 3057 1473 3120 trente

202 3193 320 3277 redegi
344 3192 423 3265 Quae
438 3193 479 3256 ita
495 3193 606 3257 calleas
622 3198 749 3272 oportet,
766 3200 800 3256 ut
814 3193 921 3257 saltem
935 3209 990 3273 pro
1005 3210 1037 3258 13
1053 3200 1123 3257 nata
1137 3210 1249 3274 pronus
1264 3194 1302 3257 sit
1317 3193 1369 3257 tibi
1384 3194 1422 3257 ad
1435 3208 1473 3258 ea

202 3345 355 3395 recursus.
372 3328 428 3393 Sed
436 3345 502 3408 que
510 3328 667 3393 historiam
677 3331 843 3394 naturalem
854 3330 992 3408 attinent,
1001 3346 1070 3395 cum
1081 3331 1335 3411 plorabicnutent
1343 3330 1470 3410 incerta,
1552 3348 1559 3361 ·

201 3470 240 3533 ad
257 3469 380 3535 tertium
394 3469 549 3544 volumen,
566 3466 618 3530 ubi
632 3468 729 3547 major
742 3469 779 3532 de
792 3468 840 3531 bis
854 3468 957 3533 incidit
971 3436 1082 3545 sermo,
1099 3468 1284 3549 rejicientur;
1301 3476 1331 3534 et
1340 3469 1366 3533 si
1375 3468 1473 3548 major

201 3607 322 3675 interim
337 3607 446 3672 alicubi
462 3606 609 3689 affulgeat
624 3607 755 3684 claritas,
772 3607 846 3671 mibi
861 3607 998 3691 religioni
1013 3624 1073 3672 non
1088 3608 1194 3672 ducam
1207 3609 1392 3673 immutanda
1406 3625 1471 3673 mu·

203 3755 277 3825 tare,
294 3746 417 3828 probata
433 3745 551 3811 scilicet
566 3745 741 3810 auctoritate
757 3746 839 3815 dsus.
982 3741 983 3745 ’

238 3850 247 3872 ’
284 3887 351 3951 Jam
367 3885 463 3950 babes
479 3858 589 3948 omnes
604 3882 693 3961 bujus
708 3882 868 3947 voluminis
883 3889 982 3963 partes
1000 3902 1008 3947 ε
1026 3884 1195 3964 precedunt
1215 3885 1368 3949 duodecim
1383 3890 1472 3951 notae

199 4027 363 4109 generales,
381 4024 618 4102 subsequuntur
632 4028 694 4085 tres
708 4021 892 4085 elementarii
914 4021 1014 4101 libelli,
1040 4024 1153 4102 bosque
1174 4023 1324 4104 excipiunt
1344 4029 1472 4102 quatuor

197 4163 318 4242 classici,
336 4170 435 4240 textu,
457 4157 788 4241 proutamagistrisin
799 4158 909 4224 scbolis
924 4159 1001 4223 tradi
1016 4160 1103 4236 solet,
1120 4165 1302 4239 comparato,
1320 4160 1368 4239 qui
1380 4158 1470 4239 potis·

195 4304 296 4369 simum
311 4312 402 4372 erunt
420 4301 523 4383 trnjns
538 4296 612 4363 anni
627 4313 763 4377 pensum.
786 4298 900 4376 Restat,
917 4306 951 4363 ut
965 4299 1056 4364 alacri
1071 4280 1170 4365 animo
1184 4299 1334 4381 inceptum
1350 4315 1471 4364 cursum

191 4457 411 4526 prosequamur,
