3672 5690
762 473 867 518 uaoua
887 474 1022 519 soranum
1396 418 1400 423 ¹
1468 461 1526 519 149

305 588 333 653 l.
354 588 461 673 K‘ang
474 575 621 654 monitum
636 587 700 653 ait:
721 587 864 652 «volebat
877 589 1028 653 illustrare
1041 587 1212 655 facultatem
1225 614 1239 647 a
1253 607 1262 668 ;
1275 590 1343 656 'l‘ai
1355 589 1402 654 lia
1416 591 1525 656 habet:

270 702 462 767 «intendebat
479 703 525 767 illi
539 700 651 767 eoelesti
665 701 868 785 intelligentiae
881 703 959 767 dono
972 718 1008 778 »ς
1032 702 1224 783 Imperatoris
1244 703 1379 769 instituta
1404 705 1524 769 ierunt:

270 815 409 880 «uolebat
422 817 576 882 illustrare
589 820 704 880 vastam
718 815 899 880 facultatem.
917 840 931 872 n
954 814 1064 880 Omnes
1077 816 1133 895 ipsi
1147 831 1179 879 se
1193 813 1368 882 ambiebant
1383 814 1438 903 (l).

304 928 337 995 t.
355 930 458 1012 T‘ang
471 930 552 1013 regis
566 929 644 1009 pelvi
659 929 810 1009 inscriptio
823 928 921 993 aiebat
937 948 944 991 :
961 945 1031 994 vere
1045 930 1203 1010 aliquando
1217 941 1388 1009 remmus,
1409 946 1528 1010 qnoque

266 1043 311 1107 die
324 1048 352 1107 te
366 1058 503 1120 renoves,
529 1042 712 1123 ulteriusque
725 1043 756 1106 in
770 1042 848 1106 diem
862 1049 892 1106 te
907 1057 1032 1107 renoves
1047 1039 1101 1127 (i).
1125 1044 1162 1106 Et
1175 1044 1279 1125 li‘ang
1299 1044 1444 1108 monitum
1458 1044 1501 1107 ait
1516 1063 1524 1108 :

265 1157 381 1220 simula
392 1172 425 1222 ae
435 1164 629 1221 innovantem
640 1158 793 1236 populum.
808 1157 846 1219 lit
856 1171 977 1220 carmen
993 1154 1065 1240 (111.
1084 1153 1137 1241 1.)
1152 1157 1271 1236 iuquit:
1288 1158 1440 1232 «Touana,
1458 1157 1528 1221 lieet

265 1269 403 1349 antonus
426 1269 622 1350 principatus,
645 1269 709 1349 ejus
722 1270 760 1332 ad
773 1268 932 1348 imperium
955 1270 1112 1335 destinatio
1132 1269 1251 1337 nonnisi
1273 1286 1392 1337 noua.»
1415 1267 1478 1335 llio
1491 1271 1528 1334 de

265 1398 352 1448 oauua
366 1383 485 1463 sapiens
498 1383 545 1446 uir
558 1384 640 1448 nulla
654 1399 687 1447 re
700 1399 759 1447 non
774 1382 894 1448 adhibet
907 1383 1077 1463 huiusmodi
1090 1400 1241 1449 summum
1257 1381 1267 1468 (
1290 1381 1313 1468 ).

304 1496 335 1562 d.
357 1497 483 1562 (tarmen
499 1493 568 1581 (IV.
585 1496 638 1563 38.
651 1493 661 1580 i
676 1496 773 1576 inquit
788 1516 796 1561 ε
813 1497 926 1579 Regius
949 1496 1101 1560 districtus
1115 1497 1198 1561 mille
1211 1498 1387 1575 stadiomm‚
1413 1497 1529 1563 scilicet

266 1612 391 1691 populus
403 1626 463 1690 quo
476 1610 555 1674 sistit
566 1606 622 1694 (4).
646 1610 770 1675 Garmen
784 1608 833 1695 (11.
849 1606 915 1694 11.)
927 1611 970 1677 ait
982 1629 989 1673 :
1003 1616 1124 1677 uantum
1138 1612 1315 1691 pmtralreus
1329 1626 1433 1677 crocea
1448 1610 1525 1689 avis,

304 1844 351 1925 (l)
370 1854 445 1915 Sunt
457 1855 518 1914 hmo
532 1854 589 1915 tria
601 1873 639 1915 ex
652 1855 725 1914 libro
747 1854 901 1914 Annalium
925 1856 1029 1934 capita,
1054 1875 1174 1934 quorum
1196 1857 1287 1934 primo
1301 1857 1336 1915 de
1350 1854 1426 1915 Weu
1449 1876 1527 1934 rege,

265 1968 385 2027 aemndo
398 1969 434 2027 de
449 1955 580 2046 T‘oheug
600 1956 689 2044 tang,
703 1977 733 2026 et
746 1969 831 2028 tertio
844 1969 881 2028 de
894 1970 1071 2048 Imperatore
1095 1965 1159 2028 Yao
1171 1970 1201 2028 lit
1213 1989 1314 2029 sermo.
1335 2004 1372 2016 -
1390 1968 1468 2029 Illud
1485 1948 1527 2027 fl

265 2091 308 2140 eat
320 2071 439 2141 intentis
452 2081 539 2142 oonlia
551 2084 693 2162 aepioere3
709 2054 752 2140 ἢ
763 2082 839 2141 idom
849 2060 884 2142 ao
893 2061 945 2155 ἓ,
958 2083 1025 2142 lioet
1038 2083 1102 2142 aliis
1115 2082 1286 2159 aequirnloat
1302 2060 1353 2155 ff,
1367 2083 1526 2160 explorare.

264 2192 341 2255 Illud
369 2172 430 2268 Ζ,
455 2203 525 2255 uota
545 2195 665 2272 genitivi
687 2213 737 2256 seu
759 2194 900 2272 ementiri,
915 2196 1136 2273 quaeinterduo
1150 2214 1231 2272 aequa
1250 2195 1387 2273 simplicia
1408 2196 1527 2255 uomina

257 2304 429 2384 pierumque
446 2309 636 2386 supprimitur,
650 2308 755 2388 apponi
768 2327 834 2367 raro
847 2307 921 2369 uolet
933 2312 957 2369 ui
971 2307 1139 2369 altemtrum
1152 2308 1191 2369 ait
1204 2310 1391 2387 nompoaitum
1405 2330 1414 2369 a
1428 2308 1468 2368 aio
1485 2287 1527 2374 J<

265 2396 307 2483 ἃ
323 2394 362 2475 2
380 2396 431 2494 ἕξ
449 2401 488 2486 Ξ
504 2400 543 2483 2
562 2402 601 2482 m
622 2394 668 2482 θ.
690 2457 731 2469 -
743 2421 903 2481 matonam
917 2421 1038 2482 laureas
1058 2421 1148 2483 areae
1163 2422 1199 2485 ao
1212 2422 1402 2499 poesidentam
1423 2421 1529 2483 artatur

269 2506 318 2605 Ε,
331 2508 420 2592 relate
433 2535 470 2594 ad
483 2535 678 2596 infundentem
692 2536 795 2596 dieitur
813 2505 850 2585 st
865 2556 872 2594 a
886 2543 930 2596 eat
943 2536 1019 2595 enim
1036 2505 1074 2584 ἢ
1084 2535 1146 2596 eali
1162 2554 1278 2608 numen,
1293 2554 1342 2595 auu
1355 2537 1385 2595 in
1398 2534 1461 2612 iege
1475 2554 1530 2593 ne·

268 2654 345 2719 turm,
359 2664 407 2706 aen
423 2647 454 2706 in
467 2649 646 2726 prouidentia
659 2650 767 2722 mundi,
780 2665 829 2708 aea
843 2648 872 2706 in
885 2648 1036 2708 pollutione
1050 2647 1168 2726 imperii,
1182 2647 1292 2707 homini
1305 2648 1475 2709 exhibitum.

306 2749 350 2828 (2)
371 2758 461 2829 Pelvi,
483 2780 533 2821 aeu
556 2762 673 2840 piminii,
700 2762 854 2822 balnearia
883 2762 975 2820 -In
988 2761 1080 2821 siniou
1101 2763 1228 2821 oratione
1254 2763 1402 2839 geminata
1429 2761 1529 2822 littera

268 2873 370 2950 passim
395 2875 522 2948 ooaurrit,
547 2875 683 2952 additque
707 2876 764 2936 uim
777 2875 802 2934 ai
817 2875 986 2954 adjeotirum
999 2873 1045 2947 sit,
1060 2875 1179 2936 denotat
1202 2874 1398 2954 pluralitatem
1411 2874 1437 2936 ai
1449 2856 1531 2935 suba·

269 2984 417 3059 mutinum,
431 2995 464 3046 ut
476 2988 526 3047 hio
549 2970 576 3047 Η
607 2970 650 3049 Η.

306 3082 350 3163 (3)
369 3095 441 3160 Trea
463 3119 544 3179 reges
557 3120 588 3160 ae
600 3103 777 3163 renovabant
799 3103 835 3162 ad
854 3102 1048 3161 renouandum
1072 3100 1217 3180 populum,
1230 3109 1261 3160 et
1272 3100 1386 3160 nonniai
1411 3088 1529 3178 qnando

270 3208 342 3272 Wen
354 3231 408 3272 rex
422 3215 464 3273 itu
476 3212 561 3274 fuerit
573 3222 733 3287 renovatam,
748 3213 863 3275 Toheou
877 3214 985 3274 familia
997 3214 1118 3292 maoepit
1130 3214 1280 3292 imperinm
1301 3234 1311 3274 a
1331 3234 1401 3295 orgo
1413 3215 1529 3293 sapiens

268 3326 386 3403 quiaque
397 3325 428 3386 iu
442 3336 563 3404 utraque
575 3328 619 3389 uui
632 3330 785 3408 populique
803 3329 995 3400 renovatione,
1009 3326 1080 3387 aima
1092 3328 1155 3406 ipsi,
1168 3346 1308 3387 summam
1324 3328 1527 3405 patientiorem

269 3448 456 3516 prosequetur.
477 3441 587 3501 Textua
603 3439 765 3502 Carminnm
782 3441 911 3513 habetur,
923 3448 956 3501 ut
966 3441 1048 3501 citati
1060 3440 1169 3501 numeri
1182 3439 1320 3512 indicant,
1331 3441 1361 3499 iu
1371 3441 1436 3501 libri
1448 3418 1530 3503 tertii

269 3551 433 3633 mapama
452 3587 494 3603 -
517 3552 594 3614 unua
607 3531 659 3627 ἃ,
673 3556 749 3632 quoa
762 3553 1017 3633 prolenoaandnm
1032 3560 1083 3627 aa,
1099 3573 1172 3630 napa
1194 3552 1302 3631 capara
1322 3552 1415 3613 noum
1437 3562 1529 3625 aaut,

270 3666 385 3739 nummati,
394 3667 503 3742 acilioat,
514 3677 559 3727 eut.
591 3651 633 3732 ἓ
649 3647 698 3742 ἦ
709 3669 853 3729 hominem
862 3687 920 3727 nou
931 3666 1075 3745 vulgarem
1085 3667 1228 3745 exprimit,
1238 3677 1267 3726 et
1277 3666 1364 3726 modo
1372 3666 1529 3745 priuatum,

269 3777 352 3838 modo
365 3778 552 3858 imperantem
565 3782 720 3861 eapientem
733 3781 865 3859 designat
875 3802 882 3839 a
893 3780 919 3839 ei
931 3781 1086 3859 oppositus,
1098 3778 1242 3859 popularia
1256 3780 1415 3856 vulgariam
1428 3764 1529 3861 homo,

269 3890 370 3951 dicitur
379 3870 420 3952 ll*
437 3872 485 3951 Λ.
505 3928 546 3941 -
556 3893 585 3953 N
587 3903 635 3954 ota
648 3896 764 3955 tandem
777 3866 898 3956 illudit
913 3870 955 3954 fii
967 3872 1004 3953 ἦ
1016 3891 1096 3951 nullo
1108 3890 1169 3951 loon
1183 3912 1250 3966 non,
1264 3891 1336 3951 nihil
1346 3892 1375 3951 in
1385 3911 1445 3970 quo
1457 3868 1528 3951 nom.

307 3994 350 4075 (4)
368 4005 449 4067 Nota
466 4005 537 4069 iliud
552 3981 594 4067 ffi
606 4008 682 4071 inter
697 4006 854 4085 subjeetum
868 4007 946 4068 uerbi
958 4013 989 4066 et
1001 4005 1118 4067 uerbum
1130 4006 1211 4086 eujuu
1224 4013 1269 4065 est
1281 4004 1415 4083 regimen.
1436 4024 1532 4084 popu·

269 4119 312 4178 lm
324 4138 401 4198 quem
415 4120 528 4180 habitat.

913 4449 979 4557 (ᾗ
1009 4459 1131 4547 K‘auou,
1152 4470 1436 4537 oolliouluaanomen
1453 4432 1530 4533 (iou-

1009 4588 1087 4663 fnoii‚
1106 4587 1172 4648 ideo
1183 4586 1309 4649 memes
1322 4586 1360 4648 ob
1376 4583 1531 4661 reverenti·

927 4766 929 4773 ,
1009 4721 1058 4778 pm
1071 4698 1281 4782 leguutMuou.
1293 4699 1333 4781 di.
1345 4702 1372 4761 1.
1401 4764 1407 4777 ,
