3524 5652
510 486 606 530 caeru
626 485 900 529 unauna-enus
919 485 1083 529 aceruatos
1370 474 1429 533 483

160 600 240 663 Toan
252 599 311 661 han
324 615 394 663 mou
405 598 554 663 transiluit
570 614 690 661 murum
700 605 734 661 ut
744 598 889 681 effugeret
903 598 1001 673 illurn,
1019 599 1137 678 sapiens
1149 596 1196 663 sie
1207 599 1284 663 lieou
1299 601 1429 666 occludit

160 713 237 776 iores
251 718 286 775 ut
302 728 361 778 non
382 713 552 777 admitteret
565 712 623 789 (l).
653 713 689 774 Et
706 712 736 775 hi
756 718 882 791 uterque
894 711 957 791 iam
979 712 1061 775 nimii
1082 714 1202 778 luerunt
1219 732 1226 776 :
1245 714 1365 778 sienim
1381 731 1427 779 re·

158 827 248 909 gulos
262 831 381 908 urgeat,
402 832 473 890 tunc
488 825 596 906 poterit
610 825 707 889 invisi.
733 826 795 889 Lou
812 825 953 904 toparcha
968 825 1058 907 Yang
1074 827 1112 889 ho
1128 825 1245 890 volebat
1258 829 1294 891 uri
1306 845 1337 891 se
1351 828 1426 891 invi·

157 946 219 1002 tare
234 939 422 1015 Gonlucium,
444 939 496 1003 seri
512 937 652 1003 horrebat
667 953 768 1004 carcre
785 938 961 1003 urbanitate.
986 938 1079 1002 Porro
1094 939 1254 1017 primarius
1269 942 1426 1020 prefectus

157 1053 181 1115 si
195 1052 298 1115 mittat
313 1069 423 1115 munus
438 1053 475 1116 ad
490 1052 666 1129 litteratum,
687 1052 772 1131 isque
788 1067 847 1115 non
864 1053 958 1131 possit
973 1052 1103 1131 recipere
1119 1051 1148 1114 in
1165 1068 1217 1116 sua
1233 1054 1332 1130 domo,
1356 1062 1427 1118 tunc

155 1164 209 1229 ibit
230 1167 394 1229 salutatum
411 1166 441 1229 in
456 1165 522 1245 eius
541 1164 673 1229 domum.
704 1166 794 1249 Yang
808 1166 846 1229 ho
862 1166 1028 1246 exploravit
1049 1165 1180 1229 Gouiucii
1201 1166 1378 1244 absentiam,
1395 1173 1427 1231 et

155 1279 233 1344 dono
255 1279 338 1343 misit
359 1278 499 1344 Goniucio
522 1286 639 1343 coctum
662 1280 838 1359 porcellum.
867 1278 1025 1343 Confucius
1047 1278 1136 1343 etiam
1159 1281 1324 1359 exploravit
1345 1280 1426 1343 illius

155 1392 335 1475 absentiam,
347 1398 376 1456 el
387 1392 519 1456 iviteum
535 1393 707 1457 salutatum.
730 1393 762 1456 ln
774 1407 810 1457 eo
822 1392 975 1472 temporis,
988 1390 1127 1474 Yangho
1138 1400 1332 1471 praevenerat,
1350 1393 1425 1457 Gon·

155 1505 252 1570 lucius
267 1506 318 1585 qui
340 1512 456 1586 poterut
470 1522 529 1569 non
544 1504 693 1569 invisere?
720 1506 822 1587 Tseng
838 1513 882 1569 tse
897 1504 994 1569 aiebat
1011 1524 1019 1568 ι
1038 1506 1218 1570 contrahens
1238 1507 1380 1571 humeros
1395 1513 1426 1570 et

154 1618 320 1684 assentarie
336 1619 435 1683 ridens
450 1619 573 1683 desudat
589 1633 679 1698 supra
694 1620 839 1682 aestivum
855 1618 1068 1701 agricultorem
1089 1616 1146 1698 (i).
1169 1619 1227 1683 Tse
1242 1620 1291 1683 lou
1307 1620 1422 1684 aiebat:

154 1732 204 1811 qui
226 1734 361 1797 nondum
391 1732 520 1796 amicitia
547 1730 684 1809 junctum
704 1733 766 1814 jam
789 1733 993 1812 alloquuntur,
1028 1732 1159 1811 adeoque
1187 1733 1299 1796 ridebis
1320 1749 1425 1798 corum

25 1902 29 1909 .
154 1846 272 1910 ruitum
288 1846 397 1911 rubore
412 1845 552 1920 suffundi,
575 1844 606 1908 hi
623 1862 680 1910 non
697 1853 767 1909 sunt
783 1861 857 1927 quos
872 1861 929 1929 ego
945 1845 1029 1911 Yoou
1052 1845 1219 1927 intelligere
1234 1846 1357 1923 possim.
1380 1849 1425 1911 En

154 1958 263 2038 quibus
278 1958 354 2024 bene
369 1960 533 2039 perpensis,
555 1957 617 2037 ium
639 1975 729 2039 quem
751 1960 885 2023 animum
900 1959 949 2022 isti
964 1959 1113 2038 sapientes
1132 1960 1248 2024 alerent
1262 1966 1360 2039 potest
1375 1976 1423 2026 co·

154 2073 260 2154 gnosci
276 2072 401 2137 scilicet.

212 2187 244 2251 8.
270 2187 353 2269 song
367 2187 508 2267 toparcha
529 2186 582 2251 Tai
597 2203 661 2271 png
675 2188 743 2252 tche
758 2187 800 2255 ait
817 2206 824 2251 :
843 2168 879 2251 ex
894 2186 995 2251 decem
1012 2203 1116 2264 unum,
1139 2192 1169 2251 et
1183 2185 1302 2252 abolere
1321 2187 1424 2253 telonii

154 2297 270 2380 lotique
285 2300 426 2382 vectigal,
450 2301 498 2365 hic
512 2307 543 2364 et
557 2316 637 2364 nunc
652 2302 783 2366 nondum
800 2316 920 2381 possum
937 2317 945 2362 :
963 2300 989 2363 si
1004 2301 1058 2378 vis,
1085 2300 1261 2366 imminuam
1276 2300 1362 2378 illuri,
1385 2303 1424 2365 ad

154 2414 371 2492 expectandum
393 2420 552 2478 venturum
575 2429 698 2491 annum,
722 2421 753 2478 et
775 2422 846 2478 tunc
867 2416 987 2478 demum
1010 2413 1137 2478 cessabit
1159 2434 1168 2477 t
1190 2414 1261 2501 quid
1283 2413 1423 2479 videtur?

154 2525 300 2590 lientsius
311 2525 810 2607 respondit:nuncsitnuiquotiuie
825 2528 947 2607 surripit
958 2543 1079 2592 suorum
1089 2528 1254 2592 vicinorum
1270 2527 1420 2609 gallinas:
1502 2595 1505 2605 ,

154 2639 274 2718 aunan
291 2640 474 2705 commonuit
488 2641 573 2704 illum
587 2641 690 2710 dicens
703 2662 709 2703 :
724 2643 797 2706 haec
813 2652 932 2706 nonest
948 2640 1090 2720 sapientis
1109 2639 1216 2723 agendi
1233 2641 1316 2704 ratio.
1338 2640 1420 2719 Sine,
1517 2626 1520 2639 ’

153 2768 266 2830 quaeso,
289 2753 397 2832 inquit,
415 2753 444 2816 il
459 2755 634 2817 imminuam
653 2774 660 2816 :
679 2771 732 2834 per
746 2771 880 2818 mensem
904 2755 1063 2834 surripiam
1088 2770 1178 2817 unam
1201 2740 1359 2836 gallinam,
1377 2755 1423 2819 sic

153 2874 315 2946 expectans
331 2874 490 2931 venturum
504 2882 628 2943 annum,
646 2875 676 2931 et
690 2874 761 2932 tunc
778 2868 898 2931 demum
913 2867 1046 2932 cessabo.
1071 2868 1100 2930 Si
1117 2867 1175 2930 scis
1191 2867 1264 2929 illuri
1280 2882 1339 2930 non
1354 2883 1421 2932 esse

153 2994 295 3060 aequum,
314 2986 385 3043 tuno
399 2980 479 3045 illico
494 2996 610 3057 cesses;
627 2980 697 3061 nuicl
712 2984 850 3060 expectas
866 2980 999 3044 futurum
1014 2985 1146 3044 annum?

211 3092 241 3157 9.
267 3093 434 3172 Discipulos
450 3095 539 3176 Kong
549 3078 597 3158 lou
610 3102 654 3158 tse
665 3094 706 3156 ait
719 3113 726 3156 :
739 3094 840 3158 extimi
856 3095 991 3158 homines
1006 3109 1110 3158 omnes
1124 3095 1225 3158 dicunt
1240 3093 1419 3175 magistrum

152 3205 295 3270 delectari
319 3206 516 3286 disputatione
534 3228 541 3269 :
559 3207 655 3270 ausim
673 3208 858 3289 interrogare
882 3208 1029 3287 quomodo
1047 3206 1096 3271 sit.
1119 3207 1262 3271 blentsius
1276 3207 1319 3269 ait
1335 3227 1343 3269 ε
1362 3222 1419 3289 ego

152 3319 204 3398 oui
220 3334 318 3383 amem
341 3319 511 3399 disputaret
526 3336 583 3403 ego
598 3336 657 3385 nou
674 3335 794 3399 possum
810 3321 897 3385 aliter
911 3336 1012 3403 agere.
1036 3320 1195 3400 Imperium
1220 3326 1357 3384 exortum
1372 3327 1420 3385 est

150 3432 327 3511 jamdudum
346 3452 353 3494 ε
372 3433 459 3497 modo
480 3434 634 3516 regiminis
649 3433 733 3510 ordo,
752 3434 838 3498 nouo
853 3435 993 3498 anarchia
1013 3434 1119 3515 uiguit.
1142 3435 1176 3497 ln
1191 3434 1255 3497 Yao
1272 3440 1416 3511 tempore,

152 3560 249 3624 aquae
270 3546 428 3610 adversum
453 3553 626 3629 grassantes
649 3548 837 3611 enuntiarunt
855 3547 886 3610 in
907 3548 1037 3610 medium
1062 3562 1206 3630 regnum3
1231 3546 1418 3626 serpentibus

153 3658 390 3739 draconibusoue
409 3659 483 3723 illud
504 3660 689 3742 degentibus,
716 3661 842 3741 populus
857 3675 917 3725 nou
933 3660 1060 3724 habebat
1074 3676 1133 3739 quo
1148 3660 1324 3724 consisteret
1341 3679 1348 3721 ε
1366 3660 1418 3739 qui

154 3771 207 3835 imi
225 3781 322 3849 erant,
340 3773 551 3837 coustmebant
565 3773 650 3837 nidos
666 3771 722 3857 (3),
739 3774 790 3853 qui
804 3774 910 3838 altiora
926 3773 1074 3851 tenebant,
1103 3773 1250 3837 iaciebant
1265 3756 1418 3837 extructas

193 4013 237 4093 (1)
258 4023 371 4084 Primus
384 4022 450 4084 Wei
462 4023 592 4102 regulum
605 4001 667 4092 (ff
685 4000 724 4086 a
742 4001 812 4097 ff),
833 4022 905 4084 alter
920 4023 981 4084 Lou
996 4023 1125 4103 regulum
1139 3998 1200 4095 (ἓ
1217 4000 1260 4086 fl
1276 4000 1346 4082 ὦ).

193 4129 237 4205 (2)
256 4137 438 4216 Despiciebat
461 4137 559 4217 Tseug
572 4147 615 4200 ise
627 4157 676 4198 eos
689 4135 854 4211 ardeliones,
869 4138 920 4217 qui
933 4157 1043 4217 semper
1059 4137 1122 4199 aliia
1145 4137 1296 4198 adulatum
1318 4137 1360 4197 ita
1373 4137 1416 4197 ri·

155 4249 254 4311 dentur
266 4252 416 4329 negotiosi,
431 4261 464 4310 ut
479 4249 626 4329 plusquam
641 4262 756 4312 arantes
771 4249 914 4312 desudent

191 4354 235 4434 (3)
255 4366 347 4445 Super
360 4363 454 4425 fulcra
466 4362 612 4443 pendulos.

151 4578 219 4683 <Q
243 4602 456 4679 Cubserpens.
472 4573 765 4683 bssffibilaris,
797 4573 864 4684 (ᾖ
893 4586 1019 4671 Τίοιιιο,
1040 4599 1125 4659 nidus
1139 4601 1169 4659 iu
1184 4600 1302 4662 arborea
1320 4598 1415 4660 fistulo

241 4724 404 4779 contentus.
894 4712 990 4790 major.
1005 4714 1040 4773 R.
1053 4711 1099 4773 47.
