3574 5664
573 522 669 567 carun
691 521 829 565 ocravun
840 521 967 564 -raes
986 521 1075 565 aaron
1395 506 1455 565 331

248 635 300 701 12.
323 635 525 717 Philosophus
543 635 585 701 ait
601 654 608 698 :
627 635 706 700 Proh
726 642 825 700 actum
840 641 902 699 esti
927 650 984 717 ogo
1005 635 1136 699 nondum
1150 634 1211 698 ridi
1230 640 1381 699 amantem
1395 633 1456 698 vir-

189 751 263 814 tutis
278 751 355 814 sicut
370 756 491 814 amatur
505 750 683 815 formositas,

249 864 302 927 13.
325 864 525 943 Philosophus
539 862 581 926 ait
598 882 604 926 :
623 863 685 927 Lou
701 863 837 926 minister
851 862 954 943 Tsang
968 878 1035 925 wer
1052 862 1174 943 tchong‚
1187 877 1226 924 an
1242 877 1301 925 non
1312 860 1338 924 is
1354 862 1457 925 iurans
1564 937 1569 947 ⁸

190 984 238 1042 est
258 977 458 1060 dignitatem?
480 983 665 1056 perspectam
685 976 775 1041 hahet
795 976 885 1040 Lieou
907 974 957 1038 hia
977 974 1045 1039 hoei
1064 975 1145 1038 illius
1164 975 1350 1054 sapientiam,
1367 981 1398 1039 et
1412 980 1456 1038 ta·

192 1107 260 1156 men
277 1107 336 1155 non
351 1106 453 1154 secum
469 1090 578 1155 evehit.

251 1205 304 1268 11.
326 1203 525 1284 Philosophus
538 1201 580 1267 ait
592 1223 599 1266 :
611 1203 642 1267 in
653 1203 784 1283 seipsum
799 1202 943 1285 graviter,
961 1202 1066 1267 leviter
1080 1209 1180 1267 autem
1195 1201 1457 1266 animadvertendo

191 1317 224 1381 in
238 1317 325 1395 alios,
342 1319 385 1382 sic
399 1318 503 1397 procui
517 1316 633 1381 arcebis
646 1317 724 1381 odia.

252 1432 304 1495 15.
327 1430 525 1511 Philosophus
539 1431 601 1493 ait:
619 1430 670 1509 qui
685 1446 745 1494 non
760 1431 840 1495 dicat
862 1448 870 1493 ε
894 1430 1042 1509 quomodo
1057 1431 1126 1506 hoo,
1144 1428 1291 1509 quomorh
1306 1424 1456 1513 illud(1);

193 1561 251 1628 ego
266 1561 324 1609 non
341 1545 435 1609 habeo
450 1545 529 1624 qood
544 1544 600 1624 ipsi
614 1542 720 1608 inciam
733 1543 796 1622 jam
812 1540 868 1627 (2).
1082 1542 1086 1551 ’

252 1658 304 1723 lo.
327 1658 525 1738 Philosophus
534 1658 576 1721 ait
588 1677 595 1719 :
609 1656 762 1720 turmatim
777 1657 987 1721 conuenientes
1004 1663 1064 1721 tota
1074 1658 1133 1734 die,
1151 1657 1177 1720 si
1186 1655 1276 1721 rerba
1295 1671 1354 1721 non
1369 1657 1458 1720 attin·

194 1777 267 1854 gont
286 1771 467 1851 equitatem,
484 1773 537 1836 sed
552 1777 651 1836 ament
667 1771 830 1850 producere
850 1771 996 1850 privatam
1020 1771 1218 1851 prudentiam,
1236 1770 1328 1850 prohl
1346 1777 1459 1850 quanta

194 1885 296 1949 insunt
310 1884 499 1949 difficultatcl

253 2000 303 2062 17.
327 1998 526 2078 Philosophus
541 1999 583 2061 ait
600 2017 607 2060 :
626 1996 671 2061 vir
687 1997 805 2078 sapiens
821 1998 990 2077 aequitatem
1005 1998 1131 2062 assumit
1146 2013 1199 2078 pro
1213 1996 1286 2076 basi,
1313 2013 1381 2062 cum
1398 1996 1459 2061 ritu

197 2118 312 2176 exercet
325 2112 420 2187 illam,
439 2111 469 2175 in
485 2112 662 2177 demissione
683 2112 823 2191 patefacit
836 2111 931 2187 illam,
949 2128 1001 2191 per
1016 2112 1216 2176 sinceritatem
1231 2111 1346 2191 perficit
1359 2111 1455 2175 illam.

197 2225 303 2291 (lvere
318 2226 481 2306 sapientem
497 2223 562 2310 (til

253 2340 303 2405 18.
328 2338 526 2420 Philosophus
541 2340 584 2404 ait
600 2359 608 2402 ε
626 2338 744 2419 sapiens
765 2338 887 2422 augiam
901 2353 934 2402 se
948 2338 1023 2403 nihii
1037 2355 1133 2420 posse,
1153 2355 1214 2404 non
1228 2339 1364 2422 aegrescit
1380 2338 1460 2419 quod

199 2452 247 2516 alii
261 2469 319 2517 non
335 2452 433 2532 ipsum
450 2454 597 2518 noverint.

255 2566 305 2631 19.
328 2567 526 2648 Philosophus
541 2567 583 2628 ait
600 2585 608 2628 ε
626 2566 744 2646 sapiens
758 2583 839 2647 egre
854 2566 911 2630 lert
925 2566 1067 2632 excedere
1080 2568 1142 2630 rita
1158 2567 1229 2647 quin
1247 2583 1334 2630 suum
1350 2581 1460 2630 nomen

201 2680 236 2743 sit
250 2681 335 2745 laude
352 2680 487 2764 dignum.

253 2794 306 2859 20.
328 2794 527 2874 Philosophus
541 2793 583 2856 ait
599 2812 607 2856 ε
626 2794 743 2874 sapiens
768 2794 874 2872 quaerit
888 2808 905 2856 a
921 2809 965 2870 se,
982 2794 1116 2877 vulgaris
1140 2795 1230 2859 homo
1254 2793 1360 2873 querit
1381 2794 1461 2874 apud

201 2908 270 2972 alios
286 2905 341 2992 (i).

254 3021 306 3086 21.
329 3021 528 3101 Philosophus
542 3021 584 3085 ait
600 3041 608 3084 z
627 3021 744 3101 sapiens
765 3028 810 3084 cst
830 3021 931 3103 mavis
946 3021 997 3085 sed
1013 3021 1076 3085 sine
1091 3021 1264 3097 offensione,
1281 3025 1328 3085 est
1342 3020 1460 3085 socialis

141 3188 146 3197 .
201 3136 249 3200 sed
264 3134 327 3199 siue
344 3135 471 3214 partium
487 3134 604 3199 affectu.

255 3249 305 3313 22.
330 3249 528 3328 Philosophus
542 3249 584 3313 ait
600 3269 607 3313 :
626 3249 743 3330 sapiens
758 3265 813 3313 nec
827 3248 865 3313 oh
880 3246 973 3312 rerha
985 3248 1083 3313 elevat
1101 3250 1264 3325 hominem,
1284 3263 1339 3312 nec
1354 3247 1391 3313 oh
1406 3248 1460 3313 ho·

202 3363 307 3426 minem
323 3361 418 3441 rejicit
432 3360 522 3426 rerha
540 3359 595 3447 (5).

255 3475 307 3539 21.
329 3476 387 3539 Tse
401 3476 492 3556 Kong
506 3473 696 3559 interrogans
710 3475 752 3539 ait
769 3495 776 3539 :
795 3482 878 3540 estne
893 3491 986 3540 unum
1001 3476 1126 3541 verbum
1146 3476 1224 3557 quod
1238 3476 1333 3556 possit
1347 3491 1400 3555 per
1415 3482 1460 3541 to·

202 3595 260 3652 tam
274 3590 365 3652 ntam
380 3588 506 3671 peragit
530 3589 688 3654 Conlucius
702 3589 744 3653 ait
760 3610 768 3654 ε
787 3605 885 3653 nonne
899 3590 973 3653 illud
988 3596 1034 3653 est
1049 3591 1199 3655 Charitas?
1220 3588 1286 3653 Tihi
1306 3590 1385 3670 quoti
1399 3605 1461 3655 non

202 3702 255 3780 ris,
272 3717 309 3767 ne
324 3703 458 3767 conteras
473 3702 505 3765 in
520 3703 605 3767 ahos.

237 4183 282 4263 (1)
302 4193 357 4265 Qui
369 4215 427 4254 nou
441 4193 600 4273 perpendat
613 4193 755 4269 quomodo
768 4212 813 4254 res
827 4192 864 4254 od
878 4213 1007 4253 normam
1020 4193 1074 4254 rite
1086 4195 1124 4255 sit
1137 4192 1308 4274 peragenda.

236 4298 280 4375 (2)
302 4283 448 4380 sssouut,
463 4316 496 4366 nt
510 4304 588 4379 alias,
605 4279 656 4368 3¹3

269 4411 282 4491 )

236 4411 266 4492 (3
303 4393 531 4484 Kapharnaoum
545 4419 648 4494 innuit,
662 4419 708 4481 cui
720 4426 814 4480 celera
825 4420 1061 4500 superadduntur.

234 4525 280 4607 (4)
299 4535 417 4615 Sapiens
432 4534 536 4612 quaerit
548 4533 626 4611 quod
638 4534 668 4593 in
682 4554 734 4595 sua
749 4541 955 4613 estpotestate,
974 4532 1099 4612 volgaris
1120 4533 1206 4597 homo
1220 4534 1322 4612 quaerit
1335 4533 1410 4612 qood
1423 4533 1462 4595 ab

197 4649 313 4711 oliorum
327 4651 435 4730 pendet
450 4646 577 4719 arbitrio,
592 4649 636 4708 uti
649 4647 779 4726 gloriam,
792 4648 950 4726 dignitates
963 4658 993 4708 et
1006 4648 1064 4709 olio
1076 4647 1245 4728 hujusmodi.

234 4756 278 4838 (5)
296 4765 344 4827 Ab
357 4763 479 4826 homine
493 4760 569 4821 malo
583 4781 641 4822 non
653 4762 744 4840 rejicit
758 4763 843 4823 verbe
859 4763 943 4822 boue
