3554 5642
557 508 1113 553 cunrsnxanm-ranarosran1on
1407 496 1467 553 595

200 620 300 686 abillo
315 622 355 684 ad
371 622 504 686 dandum
519 621 600 697 huic,
624 621 667 685 sie
688 621 777 685 etiam
799 623 948 686 humanus
970 625 1017 687 vir
1036 640 1096 687 non
1118 623 1243 699 iaceret3
1268 618 1378 703 quanto
1394 638 1467 706 ergo

201 735 297 799 minus
320 735 458 800 occidere
480 735 615 799 immines
636 736 673 798 ad
697 736 769 798 illud
790 736 1005 815 quaerendum?
1026 736 1149 815 Sapiens
1173 736 1306 801 serviens
1328 736 1466 816 principi,

202 848 330 912 studebit
344 849 492 914 adducere
507 865 595 911 suum
611 848 773 929 principem
788 849 825 913 ad
840 865 873 912 se
887 849 1132 913 conformandum
1143 849 1262 927 rationi,
1275 850 1469 930 animumque

203 962 412 1042 appellendum
426 961 457 1024 in
473 962 700 1038 humanitatem,
718 968 748 1026 et
763 963 804 1026 nil
820 962 910 1025 alind.

258 1074 290 1140 9.
313 1074 460 1138 ldcntsius
474 1074 516 1138 ait
531 1091 539 1137 :
557 1075 588 1138 in
604 1091 734 1154 praesens
748 1075 911 1139 servientes
927 1075 1052 1156 principi
1067 1077 1188 1141 dicunt:
1206 1092 1263 1160 ego
1279 1092 1399 1156 possum
1415 1092 1469 1156 pro

205 1190 335 1269 principe
349 1187 475 1253 uberare
490 1193 587 1252 terras
601 1195 631 1252 et
644 1188 768 1267 implere
784 1190 943 1252 ararium:
962 1189 1012 1268 qni
1028 1190 1114 1255 bodie
1129 1191 1268 1254 dicuutur
1283 1190 1352 1254 boni
1368 1191 1469 1254 minis·

206 1302 253 1376 tri,
277 1301 392 1382 antiqui
414 1317 489 1382 quos
511 1301 657 1367 vocabant
678 1302 778 1380 populi
799 1302 986 1381 spoliatores.
1009 1303 1151 1383 Princeps
1169 1319 1229 1369 nou
1249 1303 1375 1368 intendit
1397 1303 1471 1368 recti

205 1430 349 1493 normam,
369 1430 425 1479 nec
440 1416 551 1498 cogitat
566 1415 602 1480 de
618 1414 814 1492 humanitate,
838 1423 867 1478 et
883 1417 980 1479 adbuc
995 1417 1103 1496 queris
1117 1417 1211 1483 ditare
1226 1417 1329 1492 illum;
1354 1417 1411 1481 lroc
1425 1424 1472 1480 est

205 1528 298 1591 ditare
312 1526 377 1592 lite.
401 1530 463 1611 lige
479 1544 600 1609 mnam
618 1543 672 1607 pro
687 1528 819 1608 principe
833 1544 997 1593 convocare
1012 1529 1121 1594 sociata
1139 1545 1244 1612 regna,
1266 1537 1296 1595 et
1311 1531 1472 1612 pugnando

205 1647 284 1705 certe
298 1642 417 1706 vincere
435 1662 443 1705 ε
461 1658 499 1707 en
515 1642 565 1722 qui
581 1642 668 1706 bodie
687 1649 832 1706 vocantur
846 1642 915 1705 boni
930 1641 1071 1717 ministri,
1096 1651 1125 1707 et
1140 1645 1191 1723 qui
1205 1645 1369 1723 antiquitus
1384 1659 1471 1707 voca·
1489 1622 1492 1627 ⁵

205 1754 312 1819 bantur
328 1755 427 1835 populi
443 1757 607 1835 praedones.
626 1755 768 1836 Princeps
783 1772 842 1819 nnn
857 1755 983 1819 intendit
999 1756 1072 1821 recti
1087 1772 1235 1833 normam,
1258 1774 1313 1822 nec
1327 1756 1473 1821 incumbit

205 1869 241 1932 ad
256 1868 484 1946 humanitatem,
507 1875 538 1933 et
552 1869 649 1933 adhuc
664 1869 773 1949 quaeris
788 1885 841 1949 pro
857 1884 892 1933 eo
907 1870 1054 1933 contemis
1074 1870 1187 1933 viribus
1202 1870 1331 1947 bellare;
1355 1872 1412 1934 lunc
1426 1877 1474 1934 est

206 1981 344 2062 adjuvare
359 1981 425 2046 llio.
444 1983 591 2063 Sequatur
606 1990 781 2062 presentem
797 1982 905 2064 agendi
916 1982 1073 2058 rationem,
1092 1999 1147 2047 nec
1157 1984 1295 2048 immutet
1311 1990 1473 2063 praesentes

207 2110 319 2172 mores;
336 2094 453 2159 etiamsi
467 2097 520 2160 des
534 2095 578 2159 illi
592 2095 759 2175 imperium,
779 2112 839 2159 non
855 2095 962 2175 poterit
977 2112 1037 2160 uno
1053 2113 1141 2161 mane
1155 2113 1341 2176 permanere.

263 2210 315 2273 td.
338 2206 379 2272 Pe
400 2209 467 2287 linei
491 2206 533 2292 (t)
557 2210 599 2272 ait
622 2226 629 2272 :
654 2225 711 2291 ego
734 2211 841 2274 vellem
863 2226 899 2274 eu
921 2209 1028 2292 viginti
1043 2226 1162 2275 sumere
1177 2226 1288 2285 unum;
1306 2211 1473 2292 qunmndnl

207 2323 349 2387 Menmius
375 2323 528 2404 respondit
549 2343 557 2386 ε
580 2329 650 2387 tuus
676 2324 781 2388 modus
808 2330 854 2387 est
879 2323 1043 2388 borealium
1069 2323 1265 2388 barbarorum
1290 2325 1406 2389 modus.
1438 2324 1475 2388 lu

208 2436 302 2500 decies
325 2436 405 2501 mille
427 2437 583 2501 domorum
605 2436 772 2516 metropoli,
797 2437 822 2499 si
844 2454 921 2501 nnus
940 2437 979 2500 sit
1000 2437 1121 2517 figulus,
1145 2420 1216 2502 tunc
1238 2438 1371 2502 satisnet
1397 2436 1472 2501 bit:

208 2565 265 2613 uon
279 2550 369 2624 satis;
386 2565 457 2613 vasa
480 2566 539 2614 non
555 2557 712 2629 suppetent
726 2549 802 2613 usui.
835 2550 937 2632 Pergit
953 2570 960 2612 :
980 2552 1057 2630 apud
1080 2550 1215 2615 boreales
1231 2550 1373 2615 barbaros
1388 2551 1474 2630 quin·

208 2678 263 2742 que
278 2663 381 2745 fruges
396 2679 454 2727 nnn
470 2670 645 2739 nascuntur,
670 2669 786 2727 tantum
802 2663 928 2727 millium
944 2664 1130 2742 producitur3
1149 2680 1208 2728 non
1224 2664 1335 2728 babent
1350 2664 1473 2740 moenia,

208 2776 357 2850 suburbia,
387 2777 508 2856 palatia,
538 2777 653 2852 domos,
685 2792 740 2840 nee
761 2777 922 2856 parentalis
943 2777 1030 2840 antae
1053 2778 1221 2842 titanorum
1251 2777 1473 2853 solemnitatem

208 2905 265 2954 nnn
290 2890 464 2973 regulorum
488 2905 612 2954 nrunera
637 2899 666 2954 et
690 2890 842 2967 convivia;
870 2905 929 2953 nnn
954 2896 1074 2955 mutum
1100 2891 1295 2973 magistratus
1317 2890 1474 2955 habentes·

207 3019 264 3082 que
286 3003 502 3082 praefecturam
527 3023 534 3066 :
560 3004 625 3068 iden
646 3020 684 3068 ex
704 3003 811 3087 viginti
840 3009 962 3067 sumunt
986 3020 1092 3080 unuin,
1118 3010 1149 3068 et
1163 3003 1236 3067 satis
1250 3012 1305 3068 est.
1340 2980 1427 3068 Nunc
1441 3011 1476 3067 ut

207 3118 386 3181 constitutus
403 3116 433 3179 in
445 3117 549 3181 mediis
565 3118 666 3200 regnis
681 3119 766 3181 tollat
781 3118 936 3181 bominum
951 3115 1053 3195 cilicia,
1074 3133 1165 3196 seque
1181 3118 1277 3198 privet
1291 3116 1476 3197 sapientibus

207 3230 363 3307 ministris,
375 3246 435 3309 quo
445 3246 576 3311 unquam
593 3232 679 3295 modo
690 3231 718 3295 id
729 3230 847 3295 licebitt
867 3230 964 3313 lliguli
979 3230 1048 3309 quia
1064 3230 1161 3310 pauci,
1178 3231 1275 3295 adbuc
1290 3246 1349 3295 uon
1366 3230 1476 3310 poterit

207 3342 408 3406 administrari
423 3360 562 3426 regnum,
579 3352 690 3423 quanto
705 3360 779 3426 ergo
793 3345 891 3426 magis
901 3345 926 3407 si
937 3360 996 3409 neu
1011 3345 1072 3408 siut
1086 3343 1258 3423 sapientes?
1273 3344 1298 3408 si
1313 3345 1388 3409 velis
1402 3344 1474 3408 alle·

209 3470 278 3520 vare
293 3456 368 3519 illud
382 3458 460 3521 ultra
476 3458 541 3522 Yan
555 3462 586 3521 et
600 3457 699 3521 Gboen
715 3460 863 3540 regulam,
885 3458 1007 3522 babebis
1023 3473 1149 3538 magnos
1164 3457 1305 3521 barbaros
1320 3464 1352 3521 et
1365 3472 1476 3537 parvos

209 3568 350 3634 barbaros
363 3590 370 3633 :
384 3570 409 3634 si
419 3570 494 3635 velis
508 3584 675 3652 aggravare
690 3587 780 3650 supra
794 3571 858 3635 Yao
869 3578 900 3636 et
909 3572 1008 3636 dboen
1024 3572 1172 3653 regulam,
1190 3570 1313 3635 babebis
1328 3585 1476 3652 magnum

210 3681 263 3746 itit
277 3689 307 3748 et
321 3698 447 3764 parvum
461 3681 526 3747 Kic.

267 3797 319 3861 tt.
342 3795 383 3861 Pe
397 3797 463 3862 linei
474 3797 515 3860 ait
527 3816 535 3860 :
548 3812 605 3880 ego
620 3799 684 3862 Tan
700 3788 880 3863 moderando
894 3813 987 3878 aquas
1002 3797 1128 3862 excellui
1143 3812 1233 3877 supra
1248 3797 1296 3862 Yu
1314 3794 1369 3883 (tl.
1393 3798 1474 3862 Men·

210 3910 283 3973 tsius
298 3912 433 3991 reponit:
447 3911 576 3988 domine,
594 3926 687 3975 erras.
712 3912 760 3975 Yu
774 3912 897 3977 directio
912 3926 1069 3991 aquarum,
1087 3926 1232 3991 aquarum
1248 3918 1313 3976 erat
1328 3912 1477 3975 naturalis

210 4023 272 4100 via;
295 4024 420 4103 ideoque
434 4025 482 4087 Yu
498 4025 534 4088 de
549 4033 676 4103 quatuor
697 4025 830 4088 maribus
851 4025 920 4089 lecit
941 4026 1138 4104 receptacula.
1160 4023 1199 4087 bt
1214 4041 1299 4089 meus
1321 4025 1474 4102 dominns,

209 4135 245 4200 de
260 4138 364 4202 vicinis
379 4137 482 4220 regnis
498 4138 565 4202 lecit
581 4138 712 4202 lacunas.
735 4137 837 4218 Aquae
847 4139 877 4202 in
888 4138 1069 4202 eontrarium
1087 4138 1212 4202 luentes
1227 4138 1366 4202 dicuntur
1384 4153 1475 4203 exun-

209 4250 311 4315 dantes
326 4266 439 4331 aquae3
456 4252 639 4315 exundantes
653 4267 737 4331 aquae
752 4260 821 4316 sunt
837 4252 961 4317 diluvies
979 4266 1137 4332 aquarum,
1154 4268 1244 4333 quam
1260 4253 1409 4315 humanus
1430 4252 1478 4316 vir

243 4500 291 4586 (1)
311 4513 430 4573 Tcheou
447 4491 485 4575 Η
502 4512 584 4591 regni
598 4513 649 4571 vir.
773 4590 776 4595 ⁴

242 4620 288 4701 (2)
308 4629 379 4688 Non
404 4634 449 4684 eat
463 4645 530 4703 ergo
554 4645 603 4686 eur
623 4628 665 4686 itu
688 4626 822 4704 antiquos
845 4627 984 4705 praetlices.
1006 4623 1048 4687 Pe'
1070 4625 1137 4687 boet
1160 4646 1242 4705 porro
1265 4624 1478 4703 extemporales

202 4745 341 4826 quasdam
356 4739 571 4815 inundationes,
585 4740 723 4802 extructis
741 4731 901 4823 aggeribus,
914 4760 930 4800 e
942 4760 994 4801 suo
1006 4741 1036 4800 iu
1053 4739 1133 4801 aliud
1143 4758 1263 4820 reguum
1277 4740 1443 4801 diverterat.
