<?xml version="1.0" encoding="UTF-8"?>
<!DOCTYPE html PUBLIC "-//W3C//DTD XHTML 1.0 Transitional//EN"
    "http://www.w3.org/TR/xhtml1/DTD/xhtml1-transitional.dtd">
<html xmlns="http://www.w3.org/1999/xhtml" xml:lang="en" lang="en">
 <head>
  <title>
</title>
<meta http-equiv="Content-Type" content="text/html;charset=utf-8" />
  <meta name='ocr-system' content='tesseract 3.04.00' />
  <meta name='ocr-capabilities' content='ocr_page ocr_carea ocr_par ocr_line ocrx_word'/>
</head>
<body>
  <div class='ocr_page' id='page_1' title='image "./cursuslitteratu00zottgoog_0633.png"; bbox 0 0 3554 5642; ppageno 0'>
   <div class='ocr_carea' id='block_1_1' title="bbox 569 490 1440 547">
    <p class='ocr_par' dir='ltr' id='par_1_1' title="bbox 569 490 1440 547">
     <span class='ocr_line' id='line_1_1' title="bbox 569 490 1440 547; baseline 0.005 -4"><span class='ocrx_word' id='word_1_1' title='bbox 569 499 665 543; x_wconf 79' lang='lat' dir='ltr'>oueur</span> <span class='ocrx_word' id='word_1_2' title='bbox 683 500 940 543; x_wconf 71' lang='lat' dir='ltr'>auarum-rum</span> <span class='ocrx_word' id='word_1_3' title='bbox 960 500 1050 544; x_wconf 78' lang='lat' dir='ltr'>eurora</span> <span class='ocrx_word' id='word_1_4' title='bbox 1381 490 1440 547; x_wconf 76' lang='lat'>565</span> 
     </span>
    </p>
   </div>
   <div class='ocr_carea' id='block_1_2' title="bbox 165 611 1442 2512">
    <p class='ocr_par' dir='ltr' id='par_1_2' title="bbox 176 611 1442 920">
     <span class='ocr_line' id='line_1_2' title="bbox 179 611 1441 694; baseline 0.002 -16"><span class='ocrx_word' id='word_1_5' title='bbox 179 614 251 681; x_wconf 86' lang='lat' dir='ltr'>siem</span> <span class='ocrx_word' id='word_1_6' title='bbox 265 612 398 679; x_wconf 80' lang='lat' dir='ltr'>candide</span> <span class='ocrx_word' id='word_1_7' title='bbox 409 611 487 677; x_wconf 91' lang='lat' dir='ltr'>nivis</span> <span class='ocrx_word' id='word_1_8' title='bbox 495 611 611 689; x_wconf 88' lang='lat' dir='ltr'>albedo,</span> <span class='ocrx_word' id='word_1_9' title='bbox 629 611 819 691; x_wconf 82' lang='lat' dir='ltr'>oauddeoue</span> <span class='ocrx_word' id='word_1_10' title='bbox 829 611 906 677; x_wconf 86' lang='lat' dir='ltr'>nivis</span> <span class='ocrx_word' id='word_1_11' title='bbox 916 613 1020 678; x_wconf 81' lang='lat' dir='ltr'>albedo</span> <span class='ocrx_word' id='word_1_12' title='bbox 1030 613 1106 679; x_wconf 87' lang='lat' dir='ltr'>sicul</span> <span class='ocrx_word' id='word_1_13' title='bbox 1116 614 1176 679; x_wconf 88' lang='lat' dir='ltr'>albi</span> <span class='ocrx_word' id='word_1_14' title='bbox 1186 612 1310 694; x_wconf 88' lang='lat' dir='ltr'>jaspidis</span> <span class='ocrx_word' id='word_1_15' title='bbox 1319 614 1441 682; x_wconf 81' lang='lat' dir='ltr'>atbedor</span> 
     </span>
     <span class='ocr_line' id='line_1_3' title="bbox 176 725 1442 809; baseline 0.002 -18"><span class='ocrx_word' id='word_1_16' title='bbox 176 726 224 791; x_wconf 81' lang='lat' dir='ltr'>lit</span> <span class='ocrx_word' id='word_1_17' title='bbox 239 748 246 791; x_wconf 91' lang='lat'>:</span> <span class='ocrx_word' id='word_1_18' title='bbox 264 727 315 792; x_wconf 89' lang='lat' dir='ltr'>ita.</span> <span class='ocrx_word' id='word_1_19' title='bbox 346 727 378 791; x_wconf 90' lang='lat' dir='ltr'>Si</span> <span class='ocrx_word' id='word_1_20' title='bbox 392 726 443 804; x_wconf 87' lang='lat' dir='ltr'>ita,</span> <span class='ocrx_word' id='word_1_21' title='bbox 464 741 537 809; x_wconf 89' lang='lat' dir='ltr'>ergo</span> <span class='ocrx_word' id='word_1_22' title='bbox 552 725 635 790; x_wconf 84' lang='lat' dir='ltr'>canis</span> <span class='ocrx_word' id='word_1_23' title='bbox 650 732 757 789; x_wconf 87' lang='lat' dir='ltr'>natura</span> <span class='ocrx_word' id='word_1_24' title='bbox 772 725 829 791; x_wconf 87' lang='lat' dir='ltr'>erit</span> <span class='ocrx_word' id='word_1_25' title='bbox 844 727 921 791; x_wconf 82' lang='lat' dir='ltr'>aiom</span> <span class='ocrx_word' id='word_1_26' title='bbox 935 726 1020 791; x_wconf 91' lang='lat' dir='ltr'>bovis</span> <span class='ocrx_word' id='word_1_27' title='bbox 1034 734 1152 806; x_wconf 85' lang='lat' dir='ltr'>natura,</span> <span class='ocrx_word' id='word_1_28' title='bbox 1176 728 1319 809; x_wconf 80' lang='lat' dir='ltr'><strong>bovisque</strong></span> <span class='ocrx_word' id='word_1_29' title='bbox 1333 734 1442 793; x_wconf 88' lang='lat' dir='ltr'>natura</span> 
     </span>
     <span class='ocr_line' id='line_1_4' title="bbox 176 840 603 920; baseline -0.002 -16"><span class='ocrx_word' id='word_1_30' title='bbox 176 840 251 905; x_wconf 88' lang='lat' dir='ltr'>siout</span> <span class='ocrx_word' id='word_1_31' title='bbox 266 840 397 905; x_wconf 89' lang='lat' dir='ltr'>bominis</span> <span class='ocrx_word' id='word_1_32' title='bbox 410 847 518 904; x_wconf 89' lang='lat' dir='ltr'>natura</span> <span class='ocrx_word' id='word_1_33' title='bbox 532 840 603 920; x_wconf 78' lang='lat' dir='ltr'>(lli</span> 
     </span>
    </p>

    <p class='ocr_par' dir='ltr' id='par_1_3' title="bbox 165 952 1442 2512">
     <span class='ocr_line' id='line_1_5' title="bbox 233 952 1440 1036; baseline 0 -17"><span class='ocrx_word' id='word_1_34' title='bbox 233 955 262 1019; x_wconf 84' lang='lat' dir='ltr'>l.</span> <span class='ocrx_word' id='word_1_35' title='bbox 284 954 351 1019; x_wconf 81' lang='lat' dir='ltr'>liao</span> <span class='ocrx_word' id='word_1_36' title='bbox 361 953 556 1034; x_wconf 83' lang='lat' dir='ltr'>philosophus</span> <span class='ocrx_word' id='word_1_37' title='bbox 565 952 770 1017; x_wconf 87' lang='lat' dir='ltr'>ait:sensatio</span> <span class='ocrx_word' id='word_1_38' title='bbox 781 953 915 1018; x_wconf 87' lang='lat' dir='ltr'>oibomm</span> <span class='ocrx_word' id='word_1_39' title='bbox 925 954 1129 1034; x_wconf 84' lang='lat' dir='ltr'>colorumque,</span> <span class='ocrx_word' id='word_1_40' title='bbox 1142 962 1248 1020; x_wconf 87' lang='lat' dir='ltr'>natura</span> <span class='ocrx_word' id='word_1_41' title='bbox 1258 962 1305 1021; x_wconf 89' lang='lat' dir='ltr'>est</span> <span class='ocrx_word' id='word_1_42' title='bbox 1313 956 1373 1036; x_wconf 77' lang='lat'>(2);</span> <span class='ocrx_word' id='word_1_43' title='bbox 1386 956 1440 1019; x_wconf 90' lang='lat' dir='ltr'>hu·</span> 
     </span>
     <span class='ocr_line' id='line_1_6' title="bbox 174 1066 1442 1147; baseline 0.001 -16"><span class='ocrx_word' id='word_1_44' title='bbox 174 1067 302 1131; x_wconf 89' lang='lat' dir='ltr'>manitas</span> <span class='ocrx_word' id='word_1_45' title='bbox 315 1067 441 1132; x_wconf 88' lang='lat' dir='ltr'>interior</span> <span class='ocrx_word' id='word_1_46' title='bbox 451 1082 510 1131; x_wconf 93' lang='lat' dir='ltr'>non</span> <span class='ocrx_word' id='word_1_47' title='bbox 521 1067 718 1143; x_wconf 85' lang='lat' dir='ltr'>exteriorest,</span> <span class='ocrx_word' id='word_1_48' title='bbox 735 1068 860 1147; x_wconf 84' lang='lat' dir='ltr'>equitas</span> <span class='ocrx_word' id='word_1_49' title='bbox 874 1066 1004 1133; x_wconf 82' lang='lat' dir='ltr'><strong>exterior</strong></span> <span class='ocrx_word' id='word_1_50' title='bbox 1020 1084 1079 1133; x_wconf 94' lang='lat' dir='ltr'>uon</span> <span class='ocrx_word' id='word_1_51' title='bbox 1089 1068 1213 1134; x_wconf 88' lang='lat' dir='ltr'>interior</span> <span class='ocrx_word' id='word_1_52' title='bbox 1222 1075 1278 1135; x_wconf 88' lang='lat' dir='ltr'>est.</span> <span class='ocrx_word' id='word_1_53' title='bbox 1298 1068 1442 1134; x_wconf 85' lang='lat' dir='ltr'>Rentsius</span> 
     </span>
     <span class='ocr_line' id='line_1_7' title="bbox 174 1179 1439 1261; baseline 0.002 -18"><span class='ocrx_word' id='word_1_54' title='bbox 174 1181 292 1246; x_wconf 88' lang='lat' dir='ltr'>subdit:</span> <span class='ocrx_word' id='word_1_55' title='bbox 306 1195 360 1246; x_wconf 85' lang='lat' dir='ltr'>eur</span> <span class='ocrx_word' id='word_1_56' title='bbox 369 1179 444 1245; x_wconf 88' lang='lat' dir='ltr'>diois</span> <span class='ocrx_word' id='word_1_57' title='bbox 458 1181 674 1246; x_wconf 72' lang='lat' dir='ltr'><strong>humanitatem</strong></span> <span class='ocrx_word' id='word_1_58' title='bbox 689 1181 875 1257; x_wconf 83' lang='lat' dir='ltr'>interiorem,</span> <span class='ocrx_word' id='word_1_59' title='bbox 891 1181 1060 1261; x_wconf 78' lang='lat' dir='ltr'>equitatem</span> <span class='ocrx_word' id='word_1_60' title='bbox 1076 1181 1254 1247; x_wconf 80' lang='lat' dir='ltr'>exteriorem</span> <span class='ocrx_word' id='word_1_61' title='bbox 1268 1188 1355 1248; x_wconf 77' lang='lat' dir='ltr'>esset</span> <span class='ocrx_word' id='word_1_62' title='bbox 1369 1182 1439 1248; x_wconf 79' lang='lat' dir='ltr'>lit:</span> 
     </span>
     <span class='ocr_line' id='line_1_8' title="bbox 172 1293 1441 1377; baseline 0.002 -19"><span class='ocrx_word' id='word_1_63' title='bbox 172 1295 222 1358; x_wconf 90' lang='lat' dir='ltr'>ille</span> <span class='ocrx_word' id='word_1_64' title='bbox 236 1293 453 1377; x_wconf 74' lang='lat' dir='ltr'>grandaevitate</span> <span class='ocrx_word' id='word_1_65' title='bbox 467 1294 620 1371; x_wconf 88' lang='lat' dir='ltr'>oolendus,</span> <span class='ocrx_word' id='word_1_66' title='bbox 637 1300 668 1359; x_wconf 90' lang='lat' dir='ltr'>et</span> <span class='ocrx_word' id='word_1_67' title='bbox 683 1308 741 1375; x_wconf 87' lang='lat' dir='ltr'>ego</span> <span class='ocrx_word' id='word_1_68' title='bbox 756 1295 822 1358; x_wconf 85' lang='lat' dir='ltr'>eolo</span> <span class='ocrx_word' id='word_1_69' title='bbox 835 1294 937 1371; x_wconf 92' lang='lat' dir='ltr'>illum;</span> <span class='ocrx_word' id='word_1_70' title='bbox 955 1311 1015 1360; x_wconf 94' lang='lat' dir='ltr'>nou</span> <span class='ocrx_word' id='word_1_71' title='bbox 1030 1303 1076 1360; x_wconf 87' lang='lat' dir='ltr'>est</span> <span class='ocrx_word' id='word_1_72' title='bbox 1091 1296 1170 1376; x_wconf 81' lang='lat' dir='ltr'>quod</span> <span class='ocrx_word' id='word_1_73' title='bbox 1180 1295 1218 1361; x_wconf 88' lang='lat' dir='ltr'>sil</span> <span class='ocrx_word' id='word_1_74' title='bbox 1234 1295 1350 1361; x_wconf 89' lang='lat' dir='ltr'>ooleudi</span> <span class='ocrx_word' id='word_1_75' title='bbox 1366 1295 1441 1361; x_wconf 89' lang='lat' dir='ltr'>ratio</span> 
     </span>
     <span class='ocr_line' id='line_1_9' title="bbox 171 1406 1442 1490; baseline 0.001 -18"><span class='ocrx_word' id='word_1_76' title='bbox 171 1409 265 1472; x_wconf 84' lang='lat' dir='ltr'>mme</span> <span class='ocrx_word' id='word_1_77' title='bbox 284 1428 291 1471; x_wconf 92' lang='lat'>:</span> <span class='ocrx_word' id='word_1_78' title='bbox 310 1408 388 1471; x_wconf 89' lang='lat' dir='ltr'>siout</span> <span class='ocrx_word' id='word_1_79' title='bbox 409 1406 485 1472; x_wconf 92' lang='lat' dir='ltr'>illud</span> <span class='ocrx_word' id='word_1_80' title='bbox 503 1413 551 1471; x_wconf 90' lang='lat' dir='ltr'>est</span> <span class='ocrx_word' id='word_1_81' title='bbox 569 1408 671 1473; x_wconf 92' lang='lat' dir='ltr'>album</span> <span class='ocrx_word' id='word_1_82' title='bbox 686 1413 717 1472; x_wconf 93' lang='lat' dir='ltr'>et</span> <span class='ocrx_word' id='word_1_83' title='bbox 735 1423 793 1490; x_wconf 91' lang='lat' dir='ltr'>ego</span> <span class='ocrx_word' id='word_1_84' title='bbox 814 1407 915 1471; x_wconf 89' lang='lat' dir='ltr'>album</span> <span class='ocrx_word' id='word_1_85' title='bbox 938 1408 1012 1473; x_wconf 94' lang='lat' dir='ltr'>illud</span> <span class='ocrx_word' id='word_1_86' title='bbox 1030 1408 1142 1489; x_wconf 79' lang='lat' dir='ltr'>iudico,</span> <span class='ocrx_word' id='word_1_87' title='bbox 1163 1409 1248 1489; x_wconf 79' lang='lat' dir='ltr'>iuxta</span> <span class='ocrx_word' id='word_1_88' title='bbox 1270 1410 1349 1490; x_wconf 81' lang='lat' dir='ltr'>quod</span> <span class='ocrx_word' id='word_1_89' title='bbox 1367 1409 1442 1474; x_wconf 94' lang='lat' dir='ltr'>illud</span> 
     </span>
     <span class='ocr_line' id='line_1_10' title="bbox 171 1520 1442 1588; baseline 0.002 -3"><span class='ocrx_word' id='word_1_90' title='bbox 171 1521 295 1587; x_wconf 82' lang='lat' dir='ltr'>albescit</span> <span class='ocrx_word' id='word_1_91' title='bbox 316 1520 458 1585; x_wconf 85' lang='lat' dir='ltr'>exterius.</span> <span class='ocrx_word' id='word_1_92' title='bbox 486 1520 555 1585; x_wconf 91' lang='lat' dir='ltr'>ldeo</span> <span class='ocrx_word' id='word_1_93' title='bbox 577 1537 651 1586; x_wconf 89' lang='lat' dir='ltr'>vooo</span> <span class='ocrx_word' id='word_1_94' title='bbox 672 1522 755 1586; x_wconf 91' lang='lat' dir='ltr'>illam</span> <span class='ocrx_word' id='word_1_95' title='bbox 777 1522 967 1586; x_wconf 72' lang='lat' dir='ltr'>exteriorem.</span> <span class='ocrx_word' id='word_1_96' title='bbox 992 1522 1097 1587; x_wconf 89' lang='lat' dir='ltr'>Subdit</span> <span class='ocrx_word' id='word_1_97' title='bbox 1113 1542 1120 1585; x_wconf 93' lang='lat'>:</span> <span class='ocrx_word' id='word_1_98' title='bbox 1139 1522 1164 1586; x_wconf 89' lang='lat' dir='ltr'>si</span> <span class='ocrx_word' id='word_1_99' title='bbox 1179 1523 1277 1588; x_wconf 90' lang='lat' dir='ltr'>albam</span> <span class='ocrx_word' id='word_1_100' title='bbox 1294 1523 1442 1587; x_wconf 82' lang='lat' dir='ltr'>affirmare</span> 
     </span>
     <span class='ocr_line' id='line_1_11' title="bbox 170 1633 1441 1716; baseline 0.002 -17"><span class='ocrx_word' id='word_1_101' title='bbox 170 1634 238 1716; x_wconf 83' lang='lat' dir='ltr'>equi</span> <span class='ocrx_word' id='word_1_102' title='bbox 252 1634 421 1700; x_wconf 82' lang='lat' dir='ltr'>albedinem</span> <span class='ocrx_word' id='word_1_103' title='bbox 437 1650 498 1699; x_wconf 91' lang='lat' dir='ltr'>nou</span> <span class='ocrx_word' id='word_1_104' title='bbox 512 1639 559 1699; x_wconf 89' lang='lat' dir='ltr'>est</span> <span class='ocrx_word' id='word_1_105' title='bbox 573 1650 632 1713; x_wconf 80' lang='lat' dir='ltr'>quo</span> <span class='ocrx_word' id='word_1_106' title='bbox 647 1634 769 1700; x_wconf 88' lang='lat' dir='ltr'>abludat</span> <span class='ocrx_word' id='word_1_107' title='bbox 783 1635 821 1699; x_wconf 89' lang='lat' dir='ltr'>ab</span> <span class='ocrx_word' id='word_1_108' title='bbox 837 1633 1009 1699; x_wconf 81' lang='lat' dir='ltr'>affirmanda</span> <span class='ocrx_word' id='word_1_109' title='bbox 1024 1637 1154 1701; x_wconf 89' lang='lat' dir='ltr'>bominis</span> <span class='ocrx_word' id='word_1_110' title='bbox 1168 1637 1312 1714; x_wconf 86' lang='lat' dir='ltr'>albedine,</span> <span class='ocrx_word' id='word_1_111' title='bbox 1340 1636 1441 1702; x_wconf 87' lang='lat' dir='ltr'>neseio</span> 
     </span>
     <span class='ocr_line' id='line_1_12' title="bbox 169 1747 1441 1834; baseline 0.002 -22"><span class='ocrx_word' id='word_1_112' title='bbox 169 1765 207 1813; x_wconf 85' lang='lat' dir='ltr'>an</span> <span class='ocrx_word' id='word_1_113' title='bbox 221 1763 388 1831; x_wconf 84' lang='lat' dir='ltr'>agnosoere</span> <span class='ocrx_word' id='word_1_114' title='bbox 403 1748 472 1827; x_wconf 83' lang='lat' dir='ltr'>equi</span> <span class='ocrx_word' id='word_1_115' title='bbox 487 1754 670 1813; x_wconf 81' lang='lat' dir='ltr'>senectutem</span> <span class='ocrx_word' id='word_1_116' title='bbox 686 1765 745 1814; x_wconf 90' lang='lat' dir='ltr'>non</span> <span class='ocrx_word' id='word_1_117' title='bbox 762 1748 870 1813; x_wconf 87' lang='lat' dir='ltr'>babeat</span> <span class='ocrx_word' id='word_1_118' title='bbox 884 1764 943 1828; x_wconf 84' lang='lat' dir='ltr'>quo</span> <span class='ocrx_word' id='word_1_119' title='bbox 957 1747 1075 1814; x_wconf 83' lang='lat' dir='ltr'>diderat</span> <span class='ocrx_word' id='word_1_120' title='bbox 1088 1750 1127 1814; x_wconf 92' lang='lat' dir='ltr'>ab</span> <span class='ocrx_word' id='word_1_121' title='bbox 1141 1750 1330 1834; x_wconf 79' lang='lat' dir='ltr'>agnoscendo</span> <span class='ocrx_word' id='word_1_122' title='bbox 1346 1750 1441 1816; x_wconf 89' lang='lat' dir='ltr'>bomi-</span> 
     </span>
     <span class='ocr_line' id='line_1_13' title="bbox 169 1861 1440 1945; baseline 0 -19"><span class='ocrx_word' id='word_1_123' title='bbox 169 1861 215 1926; x_wconf 88' lang='lat' dir='ltr'>nis</span> <span class='ocrx_word' id='word_1_124' title='bbox 240 1861 500 1945; x_wconf 77' lang='lat' dir='ltr'>grandaevitatem.</span> <span class='ocrx_word' id='word_1_125' title='bbox 537 1862 630 1928; x_wconf 90' lang='lat' dir='ltr'>Porro</span> <span class='ocrx_word' id='word_1_126' title='bbox 657 1864 776 1928; x_wconf 88' lang='lat' dir='ltr'>dioesue</span> <span class='ocrx_word' id='word_1_127' title='bbox 796 1861 828 1926; x_wconf 93' lang='lat' dir='ltr'>in</span> <span class='ocrx_word' id='word_1_128' title='bbox 854 1863 1068 1945; x_wconf 84' lang='lat' dir='ltr'>graudaevitate</span> <span class='ocrx_word' id='word_1_129' title='bbox 1096 1879 1163 1928; x_wconf 88' lang='lat' dir='ltr'>esse</span> <span class='ocrx_word' id='word_1_130' title='bbox 1191 1864 1369 1943; x_wconf 80' lang='lat' dir='ltr'>equitatem,</span> <span class='ocrx_word' id='word_1_131' title='bbox 1400 1878 1440 1927; x_wconf 90' lang='lat' dir='ltr'>an</span> 
     </span>
     <span class='ocr_line' id='line_1_14' title="bbox 168 1974 1442 2057; baseline 0.002 -18"><span class='ocrx_word' id='word_1_132' title='bbox 168 1992 239 2041; x_wconf 89' lang='lat' dir='ltr'>vero</span> <span class='ocrx_word' id='word_1_133' title='bbox 252 1974 285 2039; x_wconf 90' lang='lat' dir='ltr'>in</span> <span class='ocrx_word' id='word_1_134' title='bbox 302 1974 517 2057; x_wconf 76' lang='lat' dir='ltr'>grandaevitate</span> <span class='ocrx_word' id='word_1_135' title='bbox 532 1974 706 2041; x_wconf 88' lang='lat' dir='ltr'>honoranda</span> <span class='ocrx_word' id='word_1_136' title='bbox 721 1991 787 2041; x_wconf 86' lang='lat' dir='ltr'>esse</span> <span class='ocrx_word' id='word_1_137' title='bbox 802 1976 992 2055; x_wconf 77' lang='lat' dir='ltr'>equitatem?</span> <span class='ocrx_word' id='word_1_138' title='bbox 1007 1974 1057 2039; x_wconf 81' lang='lat' dir='ltr'>Ait</span> <span class='ocrx_word' id='word_1_139' title='bbox 1069 1998 1076 2041; x_wconf 76' lang='grc' dir='ltr'>ε</span> <span class='ocrx_word' id='word_1_140' title='bbox 1090 1983 1136 2043; x_wconf 92' lang='lat' dir='ltr'>est</span> <span class='ocrx_word' id='word_1_141' title='bbox 1149 1993 1233 2042; x_wconf 88' lang='lat' dir='ltr'>meus</span> <span class='ocrx_word' id='word_1_142' title='bbox 1248 1976 1352 2053; x_wconf 82' lang='lat' dir='ltr'>irater,</span> <span class='ocrx_word' id='word_1_143' title='bbox 1369 1983 1442 2041; x_wconf 91' lang='lat' dir='ltr'>tune</span> 
     </span>
     <span class='ocr_line' id='line_1_15' title="bbox 167 2088 1438 2171; baseline 0.001 -18"><span class='ocrx_word' id='word_1_144' title='bbox 167 2105 234 2155; x_wconf 88' lang='lat' dir='ltr'>amo</span> <span class='ocrx_word' id='word_1_145' title='bbox 250 2090 339 2152; x_wconf 93' lang='lat' dir='ltr'>illum</span> <span class='ocrx_word' id='word_1_146' title='bbox 352 2107 359 2150; x_wconf 91' lang='lat'>:</span> <span class='ocrx_word' id='word_1_147' title='bbox 373 2095 420 2153; x_wconf 88' lang='lat' dir='ltr'>est</span> <span class='ocrx_word' id='word_1_148' title='bbox 434 2088 521 2151; x_wconf 83' lang='lat' dir='ltr'>T‘sin</span> <span class='ocrx_word' id='word_1_149' title='bbox 536 2088 641 2153; x_wconf 84' lang='lat' dir='ltr'>incole</span> <span class='ocrx_word' id='word_1_150' title='bbox 657 2090 760 2164; x_wconf 85' lang='lat' dir='ltr'>irater,</span> <span class='ocrx_word' id='word_1_151' title='bbox 778 2096 850 2153; x_wconf 88' lang='lat' dir='ltr'>tuno</span> <span class='ocrx_word' id='word_1_152' title='bbox 865 2104 923 2153; x_wconf 92' lang='lat' dir='ltr'>non</span> <span class='ocrx_word' id='word_1_153' title='bbox 939 2104 1018 2154; x_wconf 86' lang='lat' dir='ltr'>amo.</span> <span class='ocrx_word' id='word_1_154' title='bbox 1042 2089 1086 2155; x_wconf 92' lang='lat' dir='ltr'>lta</span> <span class='ocrx_word' id='word_1_155' title='bbox 1099 2108 1136 2155; x_wconf 92' lang='lat' dir='ltr'>ex</span> <span class='ocrx_word' id='word_1_156' title='bbox 1152 2106 1201 2155; x_wconf 90' lang='lat' dir='ltr'>me</span> <span class='ocrx_word' id='word_1_157' title='bbox 1215 2090 1249 2154; x_wconf 90' lang='lat' dir='ltr'>dt</span> <span class='ocrx_word' id='word_1_158' title='bbox 1263 2089 1438 2171; x_wconf 89' lang='lat' dir='ltr'>propensio;</span> 
     </span>
     <span class='ocr_line' id='line_1_16' title="bbox 165 2200 1441 2285; baseline 0 -17"><span class='ocrx_word' id='word_1_159' title='bbox 165 2203 231 2268; x_wconf 88' lang='lat' dir='ltr'>ideo</span> <span class='ocrx_word' id='word_1_160' title='bbox 244 2216 323 2267; x_wconf 90' lang='lat' dir='ltr'>vooo</span> <span class='ocrx_word' id='word_1_161' title='bbox 339 2200 422 2264; x_wconf 87' lang='lat' dir='ltr'>illam</span> <span class='ocrx_word' id='word_1_162' title='bbox 437 2201 621 2266; x_wconf 86' lang='lat' dir='ltr'>interiorem</span> <span class='ocrx_word' id='word_1_163' title='bbox 640 2203 711 2269; x_wconf 81' lang='lat' dir='ltr'>dolo</span> <span class='ocrx_word' id='word_1_164' title='bbox 725 2203 843 2267; x_wconf 87' lang='lat' dir='ltr'>&#39;l‘ohou</span> <span class='ocrx_word' id='word_1_165' title='bbox 858 2202 933 2267; x_wconf 86' lang='lat' dir='ltr'>civis</span> <span class='ocrx_word' id='word_1_166' title='bbox 947 2203 1205 2285; x_wconf 82' lang='lat' dir='ltr'>graudevitatem,</span> <span class='ocrx_word' id='word_1_167' title='bbox 1228 2203 1360 2284; x_wconf 84' lang='lat' dir='ltr'>itemque</span> <span class='ocrx_word' id='word_1_168' title='bbox 1374 2204 1441 2269; x_wconf 90' lang='lat' dir='ltr'>oolo</span> 
     </span>
     <span class='ocr_line' id='line_1_17' title="bbox 166 2315 1440 2400; baseline 0 -19"><span class='ocrx_word' id='word_1_169' title='bbox 166 2332 304 2383; x_wconf 90' lang='lat' dir='ltr'>meorum</span> <span class='ocrx_word' id='word_1_170' title='bbox 320 2315 578 2397; x_wconf 79' lang='lat' dir='ltr'>grandaevitatem.</span> <span class='ocrx_word' id='word_1_171' title='bbox 598 2315 642 2380; x_wconf 87' lang='lat' dir='ltr'>lla</span> <span class='ocrx_word' id='word_1_172' title='bbox 652 2317 690 2381; x_wconf 95' lang='lat' dir='ltr'>ob</span> <span class='ocrx_word' id='word_1_173' title='bbox 700 2315 946 2400; x_wconf 73' lang='lat' dir='ltr'>grandaevitatem</span> <span class='ocrx_word' id='word_1_174' title='bbox 957 2316 989 2380; x_wconf 88' lang='lat' dir='ltr'>dt</span> <span class='ocrx_word' id='word_1_175' title='bbox 1004 2315 1179 2398; x_wconf 86' lang='lat' dir='ltr'>propensio;</span> <span class='ocrx_word' id='word_1_176' title='bbox 1196 2318 1263 2382; x_wconf 91' lang='lat' dir='ltr'>ideo</span> <span class='ocrx_word' id='word_1_177' title='bbox 1272 2332 1346 2382; x_wconf 91' lang='lat' dir='ltr'>vooo</span> <span class='ocrx_word' id='word_1_178' title='bbox 1356 2319 1440 2382; x_wconf 91' lang='lat' dir='ltr'>illam</span> 
     </span>
     <span class='ocr_line' id='line_1_18' title="bbox 166 2425 1441 2512; baseline 0.001 -17"><span class='ocrx_word' id='word_1_179' title='bbox 166 2430 348 2495; x_wconf 79' lang='lat' dir='ltr'>exteriorem</span> <span class='ocrx_word' id='word_1_180' title='bbox 358 2425 414 2512; x_wconf 86' lang='grc'>(3).</span> <span class='ocrx_word' id='word_1_181' title='bbox 433 2428 538 2492; x_wconf 88' lang='lat' dir='ltr'>Subdit</span> <span class='ocrx_word' id='word_1_182' title='bbox 550 2447 557 2490; x_wconf 92' lang='lat'>:</span> <span class='ocrx_word' id='word_1_183' title='bbox 571 2437 710 2509; x_wconf 89' lang='lat' dir='ltr'>appetere</span> <span class='ocrx_word' id='word_1_184' title='bbox 724 2429 810 2493; x_wconf 85' lang='lat' dir='ltr'>T‘sin</span> <span class='ocrx_word' id='word_1_185' title='bbox 821 2429 895 2493; x_wconf 85' lang='lat' dir='ltr'>rivis</span> <span class='ocrx_word' id='word_1_186' title='bbox 904 2442 1006 2495; x_wconf 86' lang='lat' dir='ltr'>assum</span> <span class='ocrx_word' id='word_1_187' title='bbox 1017 2431 1111 2496; x_wconf 91' lang='lat' dir='ltr'>uibilo</span> <span class='ocrx_word' id='word_1_188' title='bbox 1120 2430 1219 2496; x_wconf 91' lang='lat' dir='ltr'>dillert</span> <span class='ocrx_word' id='word_1_189' title='bbox 1228 2430 1266 2495; x_wconf 89' lang='lat' dir='ltr'>ab</span> <span class='ocrx_word' id='word_1_190' title='bbox 1275 2431 1441 2511; x_wconf 88' lang='lat' dir='ltr'>appetendo</span> 
     </span>
    </p>
   </div>
   <div class='ocr_carea' id='block_1_3' title="bbox 166 2537 1549 2628">
    <p class='ocr_par' dir='ltr' id='par_1_4' title="bbox 166 2537 1549 2628">
     <span class='ocr_line' id='line_1_19' title="bbox 166 2537 1549 2628; baseline 0.001 -22"><span class='ocrx_word' id='word_1_191' title='bbox 166 2559 267 2608; x_wconf 92' lang='lat' dir='ltr'>meum</span> <span class='ocrx_word' id='word_1_192' title='bbox 282 2557 387 2607; x_wconf 88' lang='lat' dir='ltr'>assum</span> <span class='ocrx_word' id='word_1_193' title='bbox 401 2537 462 2625; x_wconf 83' lang='lat' dir='ltr'>(l);</span> <span class='ocrx_word' id='word_1_194' title='bbox 479 2542 525 2605; x_wconf 85' lang='lat' dir='ltr'>he</span> <span class='ocrx_word' id='word_1_195' title='bbox 540 2558 589 2606; x_wconf 88' lang='lat' dir='ltr'>res</span> <span class='ocrx_word' id='word_1_196' title='bbox 604 2558 678 2627; x_wconf 87' lang='lat' dir='ltr'>ergo</span> <span class='ocrx_word' id='word_1_197' title='bbox 693 2544 783 2608; x_wconf 89' lang='lat' dir='ltr'>etiam</span> <span class='ocrx_word' id='word_1_198' title='bbox 800 2543 946 2607; x_wconf 85' lang='lat' dir='ltr'>habentur</span> <span class='ocrx_word' id='word_1_199' title='bbox 961 2543 1084 2610; x_wconf 89' lang='lat' dir='ltr'>similes.</span> <span class='ocrx_word' id='word_1_200' title='bbox 1103 2544 1197 2621; x_wconf 77' lang='lat' dir='ltr'>Sida,</span> <span class='ocrx_word' id='word_1_201' title='bbox 1215 2560 1289 2628; x_wconf 88' lang='lat' dir='ltr'>ergo</span> <span class='ocrx_word' id='word_1_202' title='bbox 1301 2550 1441 2624; x_wconf 91' lang='lat' dir='ltr'>appetere</span> <span class='ocrx_word' id='word_1_203' title='bbox 1547 2542 1549 2547; x_wconf 84' lang='lat'>&#39;</span> 
     </span>
    </p>
   </div>
   <div class='ocr_carea' id='block_1_4' title="bbox 164 2655 1441 3195">
    <p class='ocr_par' dir='ltr' id='par_1_5' title="bbox 165 2655 753 2722">
     <span class='ocr_line' id='line_1_20' title="bbox 165 2655 753 2722; baseline -0.002 -1"><span class='ocrx_word' id='word_1_204' title='bbox 165 2663 338 2721; x_wconf 78' lang='lat' dir='ltr'>assaturam</span> <span class='ocrx_word' id='word_1_205' title='bbox 354 2656 444 2720; x_wconf 87' lang='lat' dir='ltr'>etiam</span> <span class='ocrx_word' id='word_1_206' title='bbox 459 2655 517 2720; x_wconf 91' lang='lat' dir='ltr'>erit</span> <span class='ocrx_word' id='word_1_207' title='bbox 531 2655 753 2722; x_wconf 79' lang='lat' dir='ltr'>extrinsecum?</span> 
     </span>
    </p>

    <p class='ocr_par' dir='ltr' id='par_1_6' title="bbox 164 2748 1441 3195">
     <span class='ocr_line' id='line_1_21' title="bbox 221 2748 1438 2853; baseline -0.002 -17"><span class='ocrx_word' id='word_1_208' title='bbox 221 2772 254 2836; x_wconf 82' lang='lat'>5.</span> <span class='ocrx_word' id='word_1_209' title='bbox 270 2748 374 2850; x_wconf 66' lang='lat' dir='ltr'>‘ldoug</span> <span class='ocrx_word' id='word_1_210' title='bbox 390 2768 419 2832; x_wconf 90' lang='lat' dir='ltr'>li</span> <span class='ocrx_word' id='word_1_211' title='bbox 434 2774 480 2833; x_wconf 86' lang='lat' dir='ltr'>tae</span> <span class='ocrx_word' id='word_1_212' title='bbox 491 2766 534 2853; x_wconf 78' lang='lat'>(5)</span> <span class='ocrx_word' id='word_1_213' title='bbox 550 2769 741 2853; x_wconf 89' lang='lat' dir='ltr'>interrogans</span> <span class='ocrx_word' id='word_1_214' title='bbox 755 2771 845 2852; x_wconf 86' lang='lat' dir='ltr'>lloug</span> <span class='ocrx_word' id='word_1_215' title='bbox 860 2777 912 2835; x_wconf 91' lang='lat' dir='ltr'>tou</span> <span class='ocrx_word' id='word_1_216' title='bbox 927 2777 973 2835; x_wconf 84' lang='lat' dir='ltr'>tae</span> <span class='ocrx_word' id='word_1_217' title='bbox 988 2772 1031 2836; x_wconf 90' lang='lat' dir='ltr'>ait</span> <span class='ocrx_word' id='word_1_218' title='bbox 1042 2791 1050 2835; x_wconf 79' lang='lat' dir='ltr'><strong><em>z</em></strong></span> <span class='ocrx_word' id='word_1_219' title='bbox 1063 2773 1211 2853; x_wconf 88' lang='lat' dir='ltr'>quomodo</span> <span class='ocrx_word' id='word_1_220' title='bbox 1226 2772 1334 2836; x_wconf 86' lang='lat' dir='ltr'>dieitur</span> <span class='ocrx_word' id='word_1_221' title='bbox 1349 2770 1438 2851; x_wconf 84' lang='lat' dir='ltr'>equi·</span> 
     </span>
     <span class='ocr_line' id='line_1_22' title="bbox 165 2881 1439 2962; baseline 0.001 -13"><span class='ocrx_word' id='word_1_222' title='bbox 165 2892 211 2949; x_wconf 89' lang='lat' dir='ltr'>tas</span> <span class='ocrx_word' id='word_1_223' title='bbox 230 2881 381 2948; x_wconf 81' lang='lat' dir='ltr'>interiori</span> <span class='ocrx_word' id='word_1_224' title='bbox 404 2883 567 2962; x_wconf 81' lang='lat' dir='ltr'>Respondit</span> <span class='ocrx_word' id='word_1_225' title='bbox 589 2903 596 2947; x_wconf 94' lang='lat'><strong>:</strong></span> <span class='ocrx_word' id='word_1_226' title='bbox 619 2889 687 2947; x_wconf 86' lang='lat' dir='ltr'>actu</span> <span class='ocrx_word' id='word_1_227' title='bbox 707 2884 843 2948; x_wconf 86' lang='lat' dir='ltr'>elicimus</span> <span class='ocrx_word' id='word_1_228' title='bbox 863 2892 984 2949; x_wconf 88' lang='lat' dir='ltr'>nostrae</span> <span class='ocrx_word' id='word_1_229' title='bbox 1003 2885 1187 2951; x_wconf 87' lang='lat' dir='ltr'>reverentiae</span> <span class='ocrx_word' id='word_1_230' title='bbox 1209 2901 1329 2949; x_wconf 83' lang='lat' dir='ltr'>sensum</span> <span class='ocrx_word' id='word_1_231' title='bbox 1348 2885 1439 2950; x_wconf 89' lang='lat' dir='ltr'>:ideo</span> 
     </span>
     <span class='ocr_line' id='line_1_23' title="bbox 164 2996 1441 3080; baseline -0.002 -16"><span class='ocrx_word' id='word_1_232' title='bbox 164 2998 273 3063; x_wconf 84' lang='lat' dir='ltr'>dieitur</span> <span class='ocrx_word' id='word_1_233' title='bbox 287 2996 428 3062; x_wconf 87' lang='lat' dir='ltr'>interior.</span> <span class='ocrx_word' id='word_1_234' title='bbox 444 3030 489 3041; x_wconf 96' lang='lat'>-</span> <span class='ocrx_word' id='word_1_235' title='bbox 504 2996 535 3059; x_wconf 90' lang='lat' dir='ltr'>Si</span> <span class='ocrx_word' id='word_1_236' title='bbox 550 2997 621 3080; x_wconf 90' lang='lat' dir='ltr'>pagi</span> <span class='ocrx_word' id='word_1_237' title='bbox 636 2996 682 3060; x_wconf 93' lang='lat' dir='ltr'>vir</span> <span class='ocrx_word' id='word_1_238' title='bbox 696 2997 796 3062; x_wconf 91' lang='lat' dir='ltr'>senior</span> <span class='ocrx_word' id='word_1_239' title='bbox 810 2998 850 3061; x_wconf 93' lang='lat' dir='ltr'>sit</span> <span class='ocrx_word' id='word_1_240' title='bbox 864 3013 953 3078; x_wconf 84' lang='lat' dir='ltr'>quam</span> <span class='ocrx_word' id='word_1_241' title='bbox 970 2997 1067 3078; x_wconf 88' lang='lat' dir='ltr'>major</span> <span class='ocrx_word' id='word_1_242' title='bbox 1080 2998 1173 3064; x_wconf 84' lang='lat' dir='ltr'>irater</span> <span class='ocrx_word' id='word_1_243' title='bbox 1187 3015 1247 3062; x_wconf 92' lang='lat' dir='ltr'>uno</span> <span class='ocrx_word' id='word_1_244' title='bbox 1260 3014 1350 3075; x_wconf 89' lang='lat' dir='ltr'>anuo,</span> <span class='ocrx_word' id='word_1_245' title='bbox 1368 3005 1441 3062; x_wconf 85' lang='lat' dir='ltr'>tuuc</span> 
     </span>
     <span class='ocr_line' id='line_1_24' title="bbox 164 3109 1441 3195; baseline -0.001 -19"><span class='ocrx_word' id='word_1_246' title='bbox 164 3118 266 3176; x_wconf 89' lang='lat' dir='ltr'>utrum</span> <span class='ocrx_word' id='word_1_247' title='bbox 288 3109 473 3174; x_wconf 84' lang='lat' dir='ltr'>revereborl</span> <span class='ocrx_word' id='word_1_248' title='bbox 496 3109 684 3190; x_wconf 86' lang='lat' dir='ltr'>Respondit:</span> <span class='ocrx_word' id='word_1_249' title='bbox 702 3111 885 3176; x_wconf 79' lang='lat' dir='ltr'>reverebaris</span> <span class='ocrx_word' id='word_1_250' title='bbox 906 3111 1038 3176; x_wconf 80' lang='lat' dir='ltr'>fratrem.</span> <span class='ocrx_word' id='word_1_251' title='bbox 1064 3111 1256 3195; x_wconf 84' lang='lat' dir='ltr'>Gyatbissabo</span> <span class='ocrx_word' id='word_1_252' title='bbox 1275 3118 1375 3176; x_wconf 87' lang='lat' dir='ltr'>autem</span> <span class='ocrx_word' id='word_1_253' title='bbox 1391 3111 1441 3175; x_wconf 88' lang='lat' dir='ltr'>eui</span> 
     </span>
    </p>
   </div>
   <div class='ocr_carea' id='block_1_5' title="bbox 67 3222 1439 3309">
    <p class='ocr_par' dir='ltr' id='par_1_7' title="bbox 67 3222 1439 3309">
     <span class='ocr_line' id='line_1_25' title="bbox 67 3222 1439 3309; baseline -0.001 -20"><span class='ocrx_word' id='word_1_254' title='bbox 67 3261 73 3277; x_wconf 90' lang='lat'><strong>·</strong></span> <span class='ocrx_word' id='word_1_255' title='bbox 165 3226 248 3306; x_wconf 86' lang='lat' dir='ltr'>prius</span> <span class='ocrx_word' id='word_1_256' title='bbox 259 3222 332 3309; x_wconf 79' lang='lat'>(6)?</span> <span class='ocrx_word' id='word_1_257' title='bbox 354 3224 517 3303; x_wconf 81' lang='lat' dir='ltr'>Respondit</span> <span class='ocrx_word' id='word_1_258' title='bbox 534 3243 541 3286; x_wconf 76' lang='grc' dir='ltr'>ε</span> <span class='ocrx_word' id='word_1_259' title='bbox 559 3223 642 3304; x_wconf 86' lang='lat' dir='ltr'>prius</span> <span class='ocrx_word' id='word_1_260' title='bbox 661 3224 857 3309; x_wconf 87' lang='lat' dir='ltr'>cyathissabis</span> <span class='ocrx_word' id='word_1_261' title='bbox 872 3225 941 3308; x_wconf 88' lang='lat' dir='ltr'>pagi</span> <span class='ocrx_word' id='word_1_262' title='bbox 957 3225 1033 3290; x_wconf 90' lang='lat' dir='ltr'>viro.</span> <span class='ocrx_word' id='word_1_263' title='bbox 1056 3225 1087 3289; x_wconf 89' lang='lat' dir='ltr'>Si</span> <span class='ocrx_word' id='word_1_264' title='bbox 1101 3224 1180 3303; x_wconf 80' lang='lat' dir='ltr'>quod</span> <span class='ocrx_word' id='word_1_265' title='bbox 1195 3239 1333 3290; x_wconf 86' lang='lat' dir='ltr'>revereor</span> <span class='ocrx_word' id='word_1_266' title='bbox 1347 3232 1394 3289; x_wconf 89' lang='lat' dir='ltr'>est</span> <span class='ocrx_word' id='word_1_267' title='bbox 1406 3224 1439 3287; x_wconf 90' lang='lat' dir='ltr'>in</span> 
     </span>
    </p>
   </div>
   <div class='ocr_carea' id='block_1_6' title="bbox 165 3337 1437 3535">
    <p class='ocr_par' dir='ltr' id='par_1_8' title="bbox 165 3337 1437 3535">
     <span class='ocr_line' id='line_1_26' title="bbox 165 3337 1434 3418; baseline -0.003 -13"><span class='ocrx_word' id='word_1_268' title='bbox 165 3340 234 3413; x_wconf 80' lang='lat' dir='ltr'>boo,</span> <span class='ocrx_word' id='word_1_269' title='bbox 251 3338 336 3418; x_wconf 82' lang='lat' dir='ltr'>puod</span> <span class='ocrx_word' id='word_1_270' title='bbox 352 3338 467 3402; x_wconf 89' lang='lat' dir='ltr'>honoro</span> <span class='ocrx_word' id='word_1_271' title='bbox 481 3337 567 3402; x_wconf 90' lang='lat' dir='ltr'>estin</span> <span class='ocrx_word' id='word_1_272' title='bbox 578 3337 641 3415; x_wconf 88' lang='lat' dir='ltr'>illo,</span> <span class='ocrx_word' id='word_1_273' title='bbox 660 3354 763 3405; x_wconf 88' lang='lat' dir='ltr'>revera</span> <span class='ocrx_word' id='word_1_274' title='bbox 774 3338 863 3403; x_wconf 85' lang='lat' dir='ltr'>estin</span> <span class='ocrx_word' id='word_1_275' title='bbox 879 3339 1058 3415; x_wconf 86' lang='lat' dir='ltr'>extrinseco,</span> <span class='ocrx_word' id='word_1_276' title='bbox 1075 3354 1134 3404; x_wconf 91' lang='lat' dir='ltr'>uon</span> <span class='ocrx_word' id='word_1_277' title='bbox 1149 3344 1197 3402; x_wconf 89' lang='lat' dir='ltr'>est</span> <span class='ocrx_word' id='word_1_278' title='bbox 1209 3337 1247 3402; x_wconf 88' lang='lat' dir='ltr'>ab</span> <span class='ocrx_word' id='word_1_279' title='bbox 1264 3338 1434 3403; x_wconf 82' lang='lat' dir='ltr'>intrinseco.</span> 
     </span>
     <span class='ocr_line' id='line_1_27' title="bbox 165 3450 1437 3535; baseline -0.002 -18"><span class='ocrx_word' id='word_1_280' title='bbox 165 3453 256 3535; x_wconf 88' lang='lat' dir='ltr'>Koug</span> <span class='ocrx_word' id='word_1_281' title='bbox 271 3458 326 3518; x_wconf 87' lang='lat' dir='ltr'>tou</span> <span class='ocrx_word' id='word_1_282' title='bbox 344 3458 389 3515; x_wconf 88' lang='lat' dir='ltr'>tse</span> <span class='ocrx_word' id='word_1_283' title='bbox 403 3465 463 3516; x_wconf 92' lang='lat' dir='ltr'>uon</span> <span class='ocrx_word' id='word_1_284' title='bbox 478 3450 574 3532; x_wconf 89' lang='lat' dir='ltr'>potuit</span> <span class='ocrx_word' id='word_1_285' title='bbox 589 3453 767 3532; x_wconf 85' lang='lat' dir='ltr'>respondere</span> <span class='ocrx_word' id='word_1_286' title='bbox 784 3468 793 3515; x_wconf 90' lang='lat'>:</span> <span class='ocrx_word' id='word_1_287' title='bbox 811 3452 839 3517; x_wconf 94' lang='lat' dir='ltr'>id</span> <span class='ocrx_word' id='word_1_288' title='bbox 856 3453 972 3519; x_wconf 90' lang='lat' dir='ltr'>monuit</span> <span class='ocrx_word' id='word_1_289' title='bbox 986 3452 1156 3529; x_wconf 85' lang='lat' dir='ltr'>blentsium,</span> <span class='ocrx_word' id='word_1_290' title='bbox 1181 3452 1232 3532; x_wconf 86' lang='lat' dir='ltr'>qui</span> <span class='ocrx_word' id='word_1_291' title='bbox 1247 3451 1289 3515; x_wconf 88' lang='lat' dir='ltr'>ait</span> <span class='ocrx_word' id='word_1_292' title='bbox 1301 3471 1308 3515; x_wconf 92' lang='lat'>:</span> <span class='ocrx_word' id='word_1_293' title='bbox 1322 3467 1437 3517; x_wconf 81' lang='lat' dir='ltr'>revere·</span> 
     </span>
    </p>
   </div>
   <div class='ocr_carea' id='block_1_7' title="bbox 164 3819 1441 4815">
    <p class='ocr_par' dir='ltr' id='par_1_9' title="bbox 164 3819 1441 4116">
     <span class='ocr_line' id='line_1_28' title="bbox 203 3819 1439 3906; baseline -0.002 -18"><span class='ocrx_word' id='word_1_294' title='bbox 203 3819 254 3895; x_wconf 73' lang='lat'>(2)</span> <span class='ocrx_word' id='word_1_295' title='bbox 275 3827 414 3888; x_wconf 71' lang='lat' dir='ltr'>semotio</span> <span class='ocrx_word' id='word_1_296' title='bbox 427 3834 471 3885; x_wconf 85' lang='lat' dir='ltr'>eet</span> <span class='ocrx_word' id='word_1_297' title='bbox 483 3825 647 3900; x_wconf 82' lang='lat' dir='ltr'>intrinseca,</span> <span class='ocrx_word' id='word_1_298' title='bbox 664 3828 741 3888; x_wconf 84' lang='lat' dir='ltr'>olbue</span> <span class='ocrx_word' id='word_1_299' title='bbox 751 3836 780 3887; x_wconf 90' lang='lat' dir='ltr'>et</span> <span class='ocrx_word' id='word_1_300' title='bbox 790 3827 868 3888; x_wconf 89' lang='lat' dir='ltr'>oolor</span> <span class='ocrx_word' id='word_1_301' title='bbox 880 3836 923 3887; x_wconf 84' lang='lat' dir='ltr'>eet</span> <span class='ocrx_word' id='word_1_302' title='bbox 936 3827 1128 3903; x_wconf 57' lang='lat' dir='ltr'>extrinsecum</span> <span class='ocrx_word' id='word_1_303' title='bbox 1148 3825 1199 3885; x_wconf 76' lang='lat' dir='ltr'>ills</span> <span class='ocrx_word' id='word_1_304' title='bbox 1212 3827 1348 3906; x_wconf 82' lang='lat' dir='ltr'>exprimit</span> <span class='ocrx_word' id='word_1_305' title='bbox 1360 3846 1439 3886; x_wconf 88' lang='lat' dir='ltr'>amo·</span> 
     </span>
     <span class='ocr_line' id='line_1_29' title="bbox 164 3937 1441 4018; baseline -0.002 -15"><span class='ocrx_word' id='word_1_306' title='bbox 164 3962 227 4003; x_wconf 87' lang='lat' dir='ltr'>rem</span> <span class='ocrx_word' id='word_1_307' title='bbox 240 3950 273 4002; x_wconf 88' lang='lat' dir='ltr'>et</span> <span class='ocrx_word' id='word_1_308' title='bbox 286 3939 510 4013; x_wconf 82' lang='lat' dir='ltr'>humanitatem,</span> <span class='ocrx_word' id='word_1_309' title='bbox 526 3937 573 3998; x_wconf 87' lang='lat' dir='ltr'>hio</span> <span class='ocrx_word' id='word_1_310' title='bbox 597 3941 780 4018; x_wconf 67' lang='lat' dir='ltr'>aequitatem</span> <span class='ocrx_word' id='word_1_311' title='bbox 800 3940 865 3999; x_wconf 88' lang='lat' dir='ltr'>ideo</span> <span class='ocrx_word' id='word_1_312' title='bbox 878 3940 1004 4000; x_wconf 82' lang='lat' dir='ltr'>ebaritas</span> <span class='ocrx_word' id='word_1_313' title='bbox 1026 3940 1152 4012; x_wconf 87' lang='lat' dir='ltr'>interior,</span> <span class='ocrx_word' id='word_1_314' title='bbox 1177 3940 1298 4017; x_wconf 68' lang='lat' dir='ltr'>sequitat</span> <span class='ocrx_word' id='word_1_315' title='bbox 1315 3941 1441 4001; x_wconf 81' lang='lat' dir='ltr'>exterior</span> 
     </span>
     <span class='ocr_line' id='line_1_30' title="bbox 167 4063 219 4116; baseline 0 0"><span class='ocrx_word' id='word_1_316' title='bbox 167 4063 219 4116; x_wconf 55' lang='grc' dir='ltr'>θεῖ.</span> 
     </span>
    </p>

    <p class='ocr_par' dir='ltr' id='par_1_10' title="bbox 167 4157 1441 4358">
     <span class='ocr_line' id='line_1_31' title="bbox 206 4157 1441 4247; baseline -0.001 -19"><span class='ocrx_word' id='word_1_317' title='bbox 206 4157 255 4237; x_wconf 79' lang='grc'>(3)</span> <span class='ocrx_word' id='word_1_318' title='bbox 278 4167 340 4228; x_wconf 80' lang='lat' dir='ltr'>Seu</span> <span class='ocrx_word' id='word_1_319' title='bbox 364 4184 446 4226; x_wconf 87' lang='lat' dir='ltr'>rumo</span> <span class='ocrx_word' id='word_1_320' title='bbox 467 4166 704 4245; x_wconf 81' lang='lat' dir='ltr'>grandaevitatem</span> <span class='ocrx_word' id='word_1_321' title='bbox 729 4165 903 4247; x_wconf 82' lang='lat' dir='ltr'>diligendam</span> <span class='ocrx_word' id='word_1_322' title='bbox 918 4166 1023 4228; x_wconf 79' lang='lat' dir='ltr'>:radix</span> <span class='ocrx_word' id='word_1_323' title='bbox 1043 4175 1074 4225; x_wconf 86' lang='lat' dir='ltr'>et</span> <span class='ocrx_word' id='word_1_324' title='bbox 1095 4164 1315 4227; x_wconf 78' lang='lat' dir='ltr'>frundamentum</span> <span class='ocrx_word' id='word_1_325' title='bbox 1336 4166 1441 4227; x_wconf 81' lang='lat' dir='ltr'>amorio</span> 
     </span>
     <span class='ocr_line' id='line_1_32' title="bbox 167 4279 691 4358; baseline 0 -16"><span class='ocrx_word' id='word_1_326' title='bbox 167 4301 229 4342; x_wconf 86' lang='lat' dir='ltr'>non</span> <span class='ocrx_word' id='word_1_327' title='bbox 241 4288 289 4342; x_wconf 82' lang='lat' dir='ltr'>eet</span> <span class='ocrx_word' id='word_1_328' title='bbox 302 4299 342 4340; x_wconf 85' lang='lat' dir='ltr'>ex</span> <span class='ocrx_word' id='word_1_329' title='bbox 355 4298 402 4339; x_wconf 88' lang='lat' dir='ltr'>me</span> <span class='ocrx_word' id='word_1_330' title='bbox 414 4279 465 4339; x_wconf 76' lang='lat' dir='ltr'>aed</span> <span class='ocrx_word' id='word_1_331' title='bbox 478 4298 514 4340; x_wconf 84' lang='lat' dir='ltr'>ex</span> <span class='ocrx_word' id='word_1_332' title='bbox 528 4279 691 4358; x_wconf 74' lang='lat' dir='ltr'>grandaevo.</span> 
     </span>
    </p>

    <p class='ocr_par' dir='ltr' id='par_1_11' title="bbox 208 4366 537 4466">
     <span class='ocr_line' id='line_1_33' title="bbox 208 4366 537 4466; baseline 0.006 -14"><span class='ocrx_word' id='word_1_333' title='bbox 208 4385 257 4466; x_wconf 78' lang='lat'>(4)</span> <span class='ocrx_word' id='word_1_334' title='bbox 277 4366 327 4459; x_wconf 57' lang='lat' dir='ltr'>f</span> <span class='ocrx_word' id='word_1_335' title='bbox 338 4391 414 4452; x_wconf 87' lang='lat' dir='ltr'>idem</span> <span class='ocrx_word' id='word_1_336' title='bbox 428 4412 462 4452; x_wconf 82' lang='lat' dir='ltr'>ao</span> <span class='ocrx_word' id='word_1_337' title='bbox 476 4370 537 4459; x_wconf 66' lang='grc' dir='ltr'>ΙΙ.</span> 
     </span>
    </p>

    <p class='ocr_par' dir='ltr' id='par_1_12' title="bbox 209 4497 1083 4585">
     <span class='ocr_line' id='line_1_34' title="bbox 209 4497 1083 4585; baseline -0.006 -16"><span class='ocrx_word' id='word_1_338' title='bbox 209 4497 256 4577; x_wconf 88' lang='grc'>(5)</span> <span class='ocrx_word' id='word_1_339' title='bbox 274 4506 371 4585; x_wconf 85' lang='lat' dir='ltr'>Mong</span> <span class='ocrx_word' id='word_1_340' title='bbox 383 4504 414 4564; x_wconf 84' lang='lat' dir='ltr'>lxi</span> <span class='ocrx_word' id='word_1_341' title='bbox 427 4513 471 4566; x_wconf 82' lang='lat' dir='ltr'>tae</span> <span class='ocrx_word' id='word_1_342' title='bbox 482 4506 595 4569; x_wconf 86' lang='lat' dir='ltr'>ridetur</span> <span class='ocrx_word' id='word_1_343' title='bbox 607 4505 693 4568; x_wconf 83' lang='lat' dir='ltr'>fuiaee</span> <span class='ocrx_word' id='word_1_344' title='bbox 707 4506 796 4568; x_wconf 79' lang='lat' dir='ltr'>frater</span> <span class='ocrx_word' id='word_1_345' title='bbox 809 4506 927 4568; x_wconf 80' lang='lat' dir='ltr'>Mentaii</span> <span class='ocrx_word' id='word_1_346' title='bbox 939 4505 1083 4585; x_wconf 83' lang='lat' dir='ltr'>patruelia.</span> 
     </span>
    </p>

    <p class='ocr_par' dir='ltr' id='par_1_13' title="bbox 168 4610 1439 4815">
     <span class='ocr_line' id='line_1_35' title="bbox 209 4610 1439 4699; baseline -0.002 -17"><span class='ocrx_word' id='word_1_347' title='bbox 209 4610 259 4691; x_wconf 89' lang='lat'>(6)</span> <span class='ocrx_word' id='word_1_348' title='bbox 279 4619 312 4680; x_wconf 79' lang='lat' dir='ltr'>Io</span> <span class='ocrx_word' id='word_1_349' title='bbox 326 4619 506 4697; x_wconf 74' lang='lat' dir='ltr'>interrogans</span> <span class='ocrx_word' id='word_1_350' title='bbox 528 4615 646 4680; x_wconf 82' lang='lat' dir='ltr'>Menteii</span> <span class='ocrx_word' id='word_1_351' title='bbox 666 4620 843 4699; x_wconf 71' lang='lat' dir='ltr'>dieoipulum</span> <span class='ocrx_word' id='word_1_352' title='bbox 864 4619 997 4697; x_wconf 82' lang='lat' dir='ltr'>supponit</span> <span class='ocrx_word' id='word_1_353' title='bbox 1006 4616 1055 4679; x_wconf 86' lang='lat' dir='ltr'>hlo</span> <span class='ocrx_word' id='word_1_354' title='bbox 1067 4617 1210 4679; x_wconf 87' lang='lat' dir='ltr'>oonoivem</span> <span class='ocrx_word' id='word_1_355' title='bbox 1226 4617 1263 4676; x_wconf 82' lang='lat' dir='ltr'>od</span> <span class='ocrx_word' id='word_1_356' title='bbox 1277 4619 1439 4680; x_wconf 80' lang='lat' dir='ltr'>convivium</span> 
     </span>
     <span class='ocr_line' id='line_1_36' title="bbox 168 4731 938 4815; baseline -0.009 -18"><span class='ocrx_word' id='word_1_357' title='bbox 168 4732 258 4797; x_wconf 70' lang='lat' dir='ltr'>talea</span> <span class='ocrx_word' id='word_1_358' title='bbox 272 4733 432 4794; x_wconf 83' lang='lat' dir='ltr'>invitatum</span> <span class='ocrx_word' id='word_1_359' title='bbox 439 4754 450 4812; x_wconf 64' lang='grc' dir='ltr'><strong>ς</strong></span> <span class='ocrx_word' id='word_1_360' title='bbox 466 4732 584 4815; x_wconf 80' lang='lat' dir='ltr'>proinde</span> <span class='ocrx_word' id='word_1_361' title='bbox 598 4731 700 4814; x_wconf 78' lang='lat' dir='ltr'>hesper</span> <span class='ocrx_word' id='word_1_362' title='bbox 713 4731 848 4815; x_wconf 75' lang='lat' dir='ltr'>prevalet</span> <span class='ocrx_word' id='word_1_363' title='bbox 861 4731 938 4792; x_wconf 86' lang='lat' dir='ltr'>hero.</span> 
     </span>
    </p>
   </div>
   <div class='ocr_carea' id='block_1_8' title="bbox 0 0 1782 5642">
    <p class='ocr_par' dir='ltr' id='par_1_14' title="bbox 0 0 1782 5642">
     <span class='ocr_line' id='line_1_37' title="bbox 0 0 1782 5642; baseline 0 2"><span class='ocrx_word' id='word_1_364' title='bbox 0 0 1782 5642; x_wconf 95' lang='lat' dir='ltr'> </span> 
     </span>
    </p>
   </div>
  </div>
 </body>
</html>
