3554 5642
524 493 620 535 carun
640 490 897 533 enarum-rans
914 492 1075 535 adsumtos
1375 478 1433 539 597

176 607 354 673 exhorrescit
370 624 379 669 ε
397 605 439 670 mi
454 606 554 682 bomo,
572 619 667 667 erras.

229 722 278 786 la.
303 719 448 785 blentsias
461 718 504 781 ait
521 738 528 782 :
546 717 706 798 primarius
720 717 767 780 vir
782 717 839 781 nisi
854 724 953 782 certus
968 718 1191 799 principiorum,
1214 721 1362 800 quomodo
1377 721 1435 786 erit

175 834 284 899 ardone
300 834 405 896 firmus
423 829 487 916 (Μ

229 950 279 1012 13.
303 947 367 1009 Lon
382 945 504 1027 regulus
520 943 638 1009 volebat
649 943 753 1023 iubere
764 945 810 1008 Ye
820 947 932 1026 tobeng
943 952 987 1009 tse
997 945 1267 1011 administratorem
1282 947 1433 1030 gubernii.

173 1060 312 1125 blenlsius
322 1060 460 1140 aitzego,
473 1058 531 1122 boc
540 1058 651 1134 audito,
664 1059 761 1139 gestio
771 1065 805 1122 ut
815 1074 958 1139 nequeam
970 1059 1108 1124 dormire.
1129 1062 1435 1143 Kongsuent‘cbeou

173 1175 242 1253 petit
259 1193 266 1236 :
286 1173 340 1245 Yo,
348 1173 459 1254 tebeng
473 1171 636 1251 discipulus
650 1187 724 1254 ergo
740 1172 844 1236 sortist
865 1172 935 1235 llil:
952 1172 1084 1236 minime.
1107 1173 1202 1237 Habet
1217 1189 1291 1255 ergo
1307 1175 1434 1253 pruden-

173 1287 240 1350 tiam
251 1296 281 1351 et
290 1285 468 1351 consilinm?
483 1283 533 1349 Ait
545 1305 552 1347 :
566 1285 698 1348 minime.
716 1285 809 1348 Multa
820 1301 893 1367 ergo
903 1285 1067 1350 eruditione
1082 1286 1201 1351 didicit?
1217 1286 1266 1349 Ait
1278 1307 1285 1349 :
1299 1287 1433 1352 minirne.

172 1399 200 1463 Si
210 1400 261 1475 ita,
274 1402 311 1464 ad
323 1400 393 1480 quid
408 1415 482 1481 ergo
498 1399 610 1480 gaudes
620 1405 654 1461 ut
664 1413 723 1462 non
739 1398 890 1462 dormias?
910 1398 959 1461 Ait
972 1419 979 1461 :
992 1399 1042 1463 ille
1058 1400 1148 1464 bomo
1162 1406 1208 1464 est
1222 1406 1339 1463 amator
1353 1399 1434 1464 boni.

171 1511 276 1579 Amare
292 1514 402 1578 bonum
419 1512 545 1576 solliciti
564 1510 614 1574 dit
627 1530 634 1573 :
647 1518 763 1576 amator
778 1513 848 1576 boui
863 1513 935 1575 satis
950 1528 1098 1593 superque
1113 1513 1202 1577 babet
1214 1514 1251 1576 ad
1263 1513 1435 1593 imperium,

170 1609 278 1706 quanto
294 1626 393 1709 magis
403 1626 440 1689 ad
451 1641 577 1707 reguum
595 1626 678 1691 Luni
692 1624 722 1687 ls
733 1625 757 1688 si
768 1632 849 1688 amat
864 1625 987 1702 bouum,
1006 1634 1077 1689 ωηο
1092 1633 1219 1706 quatuor
1234 1627 1312 1689 intra
1329 1627 1435 1704 maria,

170 1754 271 1804 omues
286 1739 481 1820 parvifaciunt
496 1738 579 1802 mille
594 1739 700 1815 stadia,
719 1745 751 1802 ut
767 1740 887 1802 veniant
900 1754 1090 1804 commouere
1105 1740 1190 1803 illum
1206 1741 1242 1804 de
1257 1739 1343 1804 bono.
1368 1740 1399 1807 Is
1411 1740 1437 1803 si
1556 1724 1559 1729 ’

169 1868 226 1917 ηοη
241 1860 324 1917 amat
339 1854 462 1928 bonum,
486 1858 557 1916 ωηο
580 1853 715 1917 homines
736 1852 845 1916 dicturi
867 1859 962 1916 suut:
984 1852 1055 1916 «sui
1070 1854 1176 1932 plenus
1197 1853 1287 1918 sentit
1301 1853 1363 1929 ille,
1382 1872 1437 1933 ogo

164 1967 238 2045 iem
251 1985 328 2030 vcro
343 1967 409 2029 seio
427 1966 515 2028 lece.»
539 1964 716 2048 arrogantis
730 1981 789 2029 vox
803 1974 834 2030 et
848 1967 949 2030 vultus
965 1966 1082 2046 repellit
1098 1967 1233 2031 immines
1247 1981 1342 2046 usqne
1358 1968 1437 2030 ultra

168 2081 247 2144 mille
262 2081 370 2145 stadia.
396 2080 427 2143 Si
442 2080 555 2144 cordati
576 2080 739 2144 consistant
761 2095 855 2159 usqne
871 2086 954 2143 trans
969 2080 1051 2143 mille
1070 2079 1176 2155 stadia,
1201 2087 1273 2145 tunc
1287 2079 1438 2144 blanditiis

167 2194 324 2258 adulantes
339 2193 484 2273 vultuque
498 2201 685 2257 assentantes
710 2192 846 2257 immines
870 2194 1021 2257 accedent.
1052 2192 1126 2256 dum
1141 2192 1331 2257 adulantibus
1345 2200 1376 2257 et
1390 2178 1436 2257 as·

168 2307 355 2371 sentantibus
369 2308 592 2381 commorando,
611 2322 739 2388 regnum
753 2307 831 2370 velle
845 2307 994 2385 componi,
1011 2306 1107 2370 eritne
1122 2307 1284 2386 possibile?

225 2422 277 2485 14.
302 2420 472 2500 Discipulus
488 2420 603 2484 T‘cben
620 2426 664 2483 tse
679 2419 721 2481 ait
737 2437 745 2484 :
764 2419 947 2498 antiquitatis
965 2419 1083 2497 sapiens
1098 2418 1206 2499 quibus
1221 2419 1439 2485 conditionibus

168 2534 379 2616 magIslratum
395 2533 514 2597 obibat?
534 2533 678 2598 bientsius
695 2534 846 2612 respondit
858 2553 865 2595 ε
879 2532 985 2612 quibus
996 2533 1095 2609 iniret,
1110 2539 1182 2608 tres;
1199 2534 1307 2613 quibus
1322 2534 1438 2598 abdica·

169 2653 223 2724 ret,
240 2653 304 2711 tres
320 2653 416 2711 erant.
442 2646 473 2710 Si
488 2646 688 2726 excipiebatur
703 2647 791 2725 plena
807 2646 971 2710 reverentia
986 2645 1027 2708 ita
1039 2651 1071 2709 ut
1082 2653 1195 2709 starent
1211 2647 1298 2722 ritus,
1315 2649 1438 2726 loquen-

167 2762 264 2840 tisque
286 2761 422 2824 futurum
444 2767 477 2823 ut
499 2770 713 2841 peragerentur
734 2760 800 2838 ejus
822 2759 955 2842 consilia,
981 2766 1052 2822 ωηο
1073 2760 1166 2822 inibat
1188 2760 1284 2824 illum.
1314 2759 1439 2832 Quodsi

168 2873 339 2939 urbanitate
354 2875 485 2937 noudum
508 2873 671 2948 deficiente,
699 2873 821 2939 consilia
837 2888 895 2937 non
912 2879 1138 2954 peragerentur,
1156 2880 1226 2937 tunc
1242 2874 1312 2937 binc
1326 2873 1436 2937 abibat.

168 2987 324 3052 Secundus
339 3003 427 3052 casus
443 3007 451 3050 z
469 2988 539 3052 licet
554 3002 614 3050 uon
630 2987 729 3050 statim
746 2991 960 3068 peragerentur
975 2971 1040 3065 e‘jns
1055 2986 1190 3064 consilia,
1203 2987 1228 3049 si
1239 2986 1443 3066 excipiebatur

168 3112 235 3165 cum
252 3101 422 3165 reverentia
433 3106 466 3163 ut
476 3106 647 3165 constarent
659 3099 742 3176 ritus,
760 3106 830 3163 tune
840 3099 934 3163 inibat
947 3099 1033 3162 illum
1047 3119 1054 3162 :
1067 3099 1092 3163 si
1104 3099 1257 3163 urbanitas
1273 3100 1438 3177 deiciebat,

168 3221 239 3278 tunc
254 3214 414 3279 abdicabat
428 3213 520 3277 illum.
547 3213 676 3277 Ultimus
691 3228 778 3276 casus
791 3232 798 3275 :
812 3214 836 3276 si
854 3228 940 3277 mane
952 3212 1118 3291 iejuuiosus
1133 3229 1315 3293 vespereque
1330 3227 1441 3276 vacans
1520 3270 1524 3277 ,

168 3327 245 3404 cibo,
269 3328 372 3392 esurie
396 3326 548 3391 deficiebat
569 3334 603 3389 ut
624 3342 680 3389 nee
701 3334 800 3405 posset
822 3326 924 3408 egredi
946 3333 1043 3405 porta,
1060 3333 1090 3389 et
1105 3326 1243 3407 princeps
1264 3327 1321 3390 boc
1340 3326 1441 3389 audito

168 3439 280 3505 diceret
298 3461 307 3504 ;
327 3456 384 3523 ego
400 3455 544 3523 maguum
559 3440 633 3503 illud
645 3437 701 3523 (i),
718 3455 777 3503 ηοη
794 3440 875 3520 potui
891 3438 995 3519 exequi
1011 3439 1076 3518 eius
1091 3440 1268 3516 doctrinam,
1285 3439 1442 3503 necetiam

169 3554 251 3632 potui
267 3555 355 3633 sequi
371 3553 435 3634 ejvs
449 3554 588 3629 consilia3
608 3553 722 3618 edicere
739 3560 770 3617 ut
786 3553 863 3617 lame
885 3553 1016 3617 tabescat
1030 3552 1060 3615 in
1077 3568 1143 3617 meo
1160 3553 1321 3627 territorio,
1339 3567 1397 3634 ego
1412 3552 1443 3616 id

169 3667 334 3742 embesc03
351 3667 454 3746 illique
469 3667 669 3747 opitulabatur
686 3684 695 3730 ε
712 3667 801 3730 etiam
818 3672 933 3745 poterat
948 3666 1090 3745 recipere,
1108 3666 1257 3731 vitaturus
1269 3664 1401 3730 mortem
1413 3670 1444 3729 et

169 3780 209 3843 nil
227 3780 373 3861 amplius.

208 4138 253 4220 (1)
272 4126 322 4213 δῖ
335 4147 412 4206 idern
429 4167 464 4207 ac
479 4123 534 4207 ῧῖ.

212 4252 260 4333 (2)
283 4241 326 4326 ff<
346 4236 474 4338 {quod
488 4280 651 4338 magnares
668 4268 739 4319 erat.

270 4500 304 4560 in
318 4516 378 4577 qna
396 4499 551 4576 imperator
569 4496 679 4557 luctum
692 4496 794 4556 manm-
825 4471 896 4583 {ffl
925 4498 951 4571 I,
965 4499 1010 4559 sui
1032 4496 1145 4576 plenus,
1173 4514 1316 4575 arrogans.
1342 4485 1449 4566 Porro,

271 4612 371 4693 gebat·
387 4613 424 4671 R·
444 4612 470 4670 8·
925 4610 1030 4673 fallere.

187 4703 344 4812 W'Mae
360 4725 615 4799 vvbtmdormire.
826 4701 910 4814 (ᾗ)
925 4724 981 4800 Yo,
995 4724 1130 4807 bonurn,
1144 4727 1258 4790 macie.
1300 4768 1303 4773 .
