3574 5664
538 501 634 545 carus
655 500 939 553 cursuum-rsus
955 501 1119 545 rosmaron
1400 492 1457 552 265

187 616 234 681 sis
257 623 393 695 mutus,
423 617 511 680 sicut
530 617 669 679 tractores
683 614 861 697 profunde
874 616 1037 695 peroptet,
1064 616 1152 679 sicut
1165 614 1306 680 calcares
1326 624 1459 685 tenum

187 731 355 812 ptuciom5
369 731 433 811 jam
448 747 529 795 nunc
542 730 572 793 in
587 735 740 809 posterum
755 744 812 809 ego
826 743 989 810 agnoscam
1006 745 1054 794 me
1068 735 1229 807 servatum,
1250 745 1268 794 o
1285 731 1378 796 lilioli.

247 844 280 908 4.
303 845 409 927 'iseng
424 850 469 909 tse
489 848 661 926 aegrotante,
685 842 748 906 Lou
765 842 906 921 toparcha
924 842 1017 927 Mong
1031 842 1105 924 king
1119 847 1164 907 ise
1180 832 1362 909 obsalutavit'
1373 864 1453 913 eum.

187 958 293 1040 Tseug
313 963 360 1021 ise
379 956 518 1022 emdiens
533 956 600 1020 ait:
621 956 670 1018 avi
690 970 759 1020 mox
779 955 934 1033 moritura,
957 955 1022 1036 eius
1041 971 1100 1020 vor
1120 964 1166 1019 est
1185 956 1343 1039 lugubris3
1366 961 1456 1026 homo

187 1086 259 1135 cum
274 1076 322 1135 est
331 1070 508 1148 moriturus,
525 1069 590 1149 ejus
600 1085 699 1135 memo
715 1070 833 1148 quidem
848 1068 955 1132 honus.
979 1070 1178 1149 sapiensque
1194 1069 1315 1149 majoris
1328 1075 1457 1139 estimat

187 1182 301 1248 iuritae
311 1182 427 1248 ratione
437 1183 595 1248 sunttria:
613 1183 806 1247 uteiierendo
821 1183 955 1261 corporis
970 1183 1116 1260 habitum,
1132 1182 1163 1246 in
1175 1185 1232 1248 hoc
1242 1194 1394 1250 removeat
1408 1203 1455 1252 ar·

188 1298 360 1380 rogantium
376 1307 406 1362 et
420 1297 666 1374 dissolutionem
684 1297 888 1376 componendo
903 1296 964 1359 oris
973 1297 1115 1376 speeiem,
1128 1302 1199 1361 tuuc
1213 1298 1333 1361 acoedat
1344 1300 1380 1363 ad
1396 1299 1455 1365 sin·

188 1410 367 1488 nentatem3
384 1418 415 1476 et
425 1410 600 1490 proterendo
615 1410 775 1474 veriorum
790 1424 908 1503 sonum,
923 1409 986 1489 jam
996 1409 1121 1473 absitah
1129 1409 1269 1475 indecoro
1284 1412 1453 1480 etahsouo:

188 1523 378 1588 calathorum
393 1523 593 1608 ppuidumque
609 1539 658 1586 res
672 1537 743 1588 vero
758 1522 869 1587 hahent
883 1523 1075 1588 administros
1089 1522 1141 1602 qui
1156 1531 1276 1587 servent
1292 1521 1346 1608 (1).

247 1638 279 1705 5.
302 1638 405 1721 Tseng
415 1637 531 1702 hesit:
549 1644 583 1701 ut
598 1636 762 1701 instructus
777 1633 881 1716 peritia
896 1635 1099 1701 sciscitaretur
1112 1635 1150 1700 ab
1161 1635 1307 1716 imperito,
1327 1637 1455 1708 instruc·

189 1755 238 1813 tus
252 1750 358 1815 multis
372 1756 520 1831 quereret
533 1765 551 1813 a
566 1749 711 1828 tenuiore,
730 1749 844 1815 hahens
858 1747 979 1828 perinde
993 1755 1073 1814 esset
1082 1766 1117 1815 ae
1131 1765 1191 1814 non
1207 1750 1328 1830 hahens,
1350 1755 1455 1833 plenus

188 1864 312 1943 perinde
326 1880 493 1941 acvucuus,
514 1863 646 1929 offensus
660 1880 756 1944 neque
771 1868 1056 1942 controversaretur,
1077 1863 1149 1929 oiim
1163 1880 1249 1930 meus
1269 1865 1380 1931 sodalis
1391 1867 1455 1948 jam

188 1977 379 2057 impendebat
394 1993 516 2059 operam
530 1977 561 2040 in
576 1977 640 2041 haee
657 1973 711 2062 (i).

248 2090 277 2155 6.
302 2089 405 2174 'iseng
419 2098 465 2155 tse
479 2091 522 2155 ait
538 2111 546 2153 ε
564 2089 611 2155 eui
626 2092 720 2170 possit
734 2090 879 2155 committi
894 2107 947 2154 sex
961 2091 1128 2170 paimomm
1143 2091 1282 2171 pupillus,
1303 2093 1454 2174 possitque

190 2203 327 2268 concredi
341 2211 462 2269 cendam
477 2203 641 2270 stadiorum
650 2204 820 2284 imperium,
837 2211 868 2268 et
879 2203 1017 2269 subeunti
1028 2221 1172 2288 magnum
1187 2204 1346 2270 discrimen
1357 2208 1455 2273 adhuc

190 2331 249 2381 non
264 2317 358 2397 possit
372 2318 458 2398 eripi,
475 2317 502 2382 is
516 2318 635 2398 sapiens
649 2316 717 2380 virt
733 2317 857 2398 Sapiens
872 2318 917 2382 vir
931 2333 1004 2382 sanc
1020 2315 1075 2403 (3).

246 2433 278 2494 7.
301 2432 404 2514 Tseng
418 2432 535 2497 tseait:
553 2431 675 2494 litterati
686 2437 848 2512 nequeunt,
861 2430 932 2511 quin
943 2431 1126 2514 magnanimi
1137 2432 1359 2497 etiortessint:
1378 2450 1455 2500 onus

191 2559 282 2626 grave
302 2552 332 2608 et
355 2545 403 2608 via
423 2546 525 2627 ionga.
559 2544 663 2608 Gordis
681 2544 891 2625 perfectionem
911 2552 1107 2625 susceperuut
1125 2546 1156 2609 in
1180 2547 1333 2626 pmprium
1353 2562 1452 2626 ouus;

191 2671 288 2722 nonne
303 2658 422 2738 quidem
438 2674 531 2741 gravo
545 2663 613 2724 estt
637 2658 746 2723 Mortui
760 2665 832 2723 tune
846 2658 966 2723 demum
981 2658 1161 2738 cessabuut;
1179 2674 1278 2724 noune
1288 2659 1378 2724 etiam
1389 2661 1452 2726 ion-

191 2786 262 2852 μω
277 2777 325 2836 est
342 2768 385 2856 (l)
398 2776 412 2834 t

246 2884 278 2949 8.
309 2885 509 2965 Philosophus
534 2885 608 2951 ait:
643 2885 779 2950 exordire
800 2900 818 2948 a
842 2884 988 2963 carmine,
1021 2884 1244 2951 couiirmaheris
1271 2902 1324 2966 per
1352 2887 1451 2967 Ritus,

191 2997 350 3075 perficieris
363 3014 418 3079 per
432 2999 587 3065 Musicam.
1306 2982 1310 2991 ’

246 3110 277 3175 9.
301 3112 500 3192 Philosophus
514 3113 575 3176 ait:
593 3114 721 3195 populus
735 3117 834 3191 potest
847 3112 912 3177 lieri
922 3118 956 3176 ut
968 3120 1111 3194 sequatur
1125 3110 1247 3192 aliquid,
1272 3113 1336 3178 heri
1350 3114 1454 3195 nequit

191 3229 223 3289 ut
237 3226 469 3304 comprehendat
483 3226 566 3291 iliud.

229 3576 272 3656 (1)
292 3563 335 3651 ’ἦ
349 3597 433 3647 souot
449 3561 507 3653 ἕ
530 3589 649 3652 Minoris
662 3588 801 3649 metuenti
813 3609 866 3665 rus,
880 3609 1002 3668 magnus
1016 3589 1232 3651 administrator
1244 3609 1304 3650 non
1317 3600 1406 3651 curat.

228 3691 273 3770 (2)
297 3701 342 3761 De
357 3697 420 3760 Yeu
434 3719 510 3779 yuen
525 3677 621 3767 Μ
639 3704 740 3781 amiur.
763 3700 844 3764 Illius
858 3680 900 3763 fl
914 3722 979 3764 usus
993 3704 1192 3765 attendendus.

228 3803 271 3881 (di
291 3813 397 3892 Agitur
418 3816 452 3875 de
465 3817 544 3895 regio
565 3813 670 3895 pupillo
683 3839 692 3876 a
706 3816 861 3894 antiquitus
882 3836 932 3894 pes
953 3816 1068 3878 brevior.
1096 3851 1134 3864 -
1163 3814 1309 3896 Perpende
1322 3793 1452 3884 illudffl

190 3926 374 4005 interrogans,
404 3938 433 3989 et
452 3927 521 3989 iliud
544 3904 585 3992 lio
610 3930 776 3989 affirmans:
801 3905 946 4008 fflprinro
965 3938 1042 4002 tono,
1063 3929 1165 4004 solnm,
1188 3929 1350 4011 plerumque
1364 3932 1452 3992 inter·

190 4048 287 4117 rogat3
300 4043 449 4115 sociatum,
462 4042 664 4121 interrogando
677 4044 841 4122 exclamat3
856 4045 1041 4121 geminatum,
1054 4043 1169 4105 dubium
1183 4045 1325 4124 proponit.

226 4143 272 4223 (4)
292 4154 339 4215 Do
351 4155 512 4215 munierum
526 4155 686 4217 candidatis
698 4166 743 4217 est
754 4174 856 4216 sermo.

205 4363 267 4477 ff,
283 4389 325 4465 Si,
339 4388 406 4450 oiim
421 4412 429 4452 a
445 4410 514 4452 uox.
542 4376 660 4466 T‘sono‚
676 4389 802 4469 quiesce·
850 4372 916 4482 R,
932 4378 1037 4466 T‘cnn
1052 4411 1101 4471 pes
1114 4392 1241 4454 sinuosis.
1256 4394 1293 4453 lt.
1307 4396 1355 4453 ll.

281 4523 320 4564 η.
846 4478 916 4590 ᾗ)
930 4506 980 4579 m,
993 4506 1089 4580 uniat,
1102 4502 1240 4566 uteres
1261 4527 1270 4566 ι
1289 4504 1447 4566 neaera:

205 4596 265 4707 ᾖ)
281 4604 385 4694 Touo,
411 4616 506 4694 fidere,
532 4619 619 4679 inniti
633 4640 642 4678 s
659 4638 801 4680 commen·
930 4620 1050 4681 undere.

281 4732 357 4794 dare.
832 4709 899 4818 (ᾖ.
927 4735 1026 4807 Hono,
1040 4751 1171 4811 magnus,
1189 4731 1367 4811 amplificare.
